Row ID,Order ID,Order Date,Dispatch Date,Delivery Mode,Customer ID,Customer Name,Segment,City,State/Province,Country/Region,Region,Product ID,Category,Sub-Category,Product Name,Sales,Quantity,Discount,Profit
23,IT-2022-3245851,5/2/2022,5/5/2022,Second Class,LB-16795,Laurel Beltran,Home Office,Milan,Lombardy,Italy,South,OFF-ST-10002271,Office Supplies,Storage,"Rogers Shelving, Wire Frame",36.72,1,0.4,-5.52
24,IT-2022-3245851,5/2/2022,5/5/2022,Second Class,LB-16795,Laurel Beltran,Home Office,Milan,Lombardy,Italy,South,TEC-AC-10002901,Technology,Accessories,"Memorex Mouse, Bluetooth",28.17,1,0,1.11
60,ES-2021-4569090,8/29/2021,9/3/2021,Standard Class,GA-14725,Guy Armstrong,Consumer,Rome,Lazio,Italy,South,OFF-AR-10000316,Office Supplies,Art,"Stanley Pens, Blue",30.15,3,0,14.76
61,ES-2021-4569090,8/29/2021,9/3/2021,Standard Class,GA-14725,Guy Armstrong,Consumer,Rome,Lazio,Italy,South,TEC-MA-10002844,Technology,Machines,"Okidata Receipt Printer, White",145.584,2,0.4,-82.536
62,ES-2021-4569090,8/29/2021,9/3/2021,Standard Class,GA-14725,Guy Armstrong,Consumer,Rome,Lazio,Italy,South,OFF-LA-10003591,Office Supplies,Labels,"Smead Removable Labels, Laser Printer Compatible",20.64,2,0,6.36
63,ES-2021-4569090,8/29/2021,9/3/2021,Standard Class,GA-14725,Guy Armstrong,Consumer,Rome,Lazio,Italy,South,OFF-FA-10001680,Office Supplies,Fasteners,"OIC Push Pins, Metal",15.03,1,0,6
64,ES-2021-4569090,8/29/2021,9/3/2021,Standard Class,GA-14725,Guy Armstrong,Consumer,Rome,Lazio,Italy,South,OFF-ST-10001255,Office Supplies,Storage,"Fellowes Trays, Single Width",275.616,8,0.4,45.936
127,ES-2022-3484812,10/24/2022,10/26/2022,First Class,GT-14755,Guy Thornton,Consumer,Cesena,Emilia-Romagna,Italy,South,OFF-PA-10000878,Office Supplies,Paper,"SanDisk Note Cards, Multicolor",67.92,2,0,28.5
128,ES-2022-3484812,10/24/2022,10/26/2022,First Class,GT-14755,Guy Thornton,Consumer,Cesena,Emilia-Romagna,Italy,South,OFF-ST-10002720,Office Supplies,Storage,"Rogers Shelving, Blue",74.556,2,0.4,-43.524
129,ES-2022-3484812,10/24/2022,10/26/2022,First Class,GT-14755,Guy Thornton,Consumer,Cesena,Emilia-Romagna,Italy,South,OFF-BI-10000440,Office Supplies,Binders,"Acco Index Tab, Economy",20.16,2,0,9.24
133,ES-2020-5757351,4/5/2020,4/5/2020,Same Day,AW-10840,Anthony Witt,Consumer,Marano di Napoli,Campania,Italy,South,OFF-PA-10001466,Office Supplies,Paper,"Eaton Computer Printout Paper, 8.5 x 11",122.76,4,0,56.4
219,ES-2022-3850519,2/23/2022,2/27/2022,Standard Class,LC-16960,Lindsay Castell,Home Office,Rome,Lazio,Italy,South,OFF-ST-10001646,Office Supplies,Storage,"Fellowes Box, Wire Frame",112.5,10,0.4,11.1
229,IT-2020-2956829,11/18/2020,11/22/2020,Standard Class,TB-21250,Tim Brockman,Consumer,Bisceglie,Apulia,Italy,South,FUR-CH-10002927,Furniture,Chairs,"Office Star Swivel Stool, Black",343.02,5,0.6,-223.08
270,ES-2021-1667528,12/3/2021,12/3/2021,Same Day,LB-16735,Larry Blacks,Consumer,Moncalieri,Piedmont,Italy,South,OFF-EN-10003936,Office Supplies,Envelopes,"Cameo Peel and Seal, with clear poly window",49.08,2,0,21.54
306,ES-2021-2028016,12/2/2021,12/4/2021,Second Class,SP-20620,Stefania Perrino,Corporate,Cerignola,Apulia,Italy,South,OFF-BI-10004220,Office Supplies,Binders,"Cardinal 3-Hole Punch, Recycled",204.12,7,0,59.01
307,ES-2021-2028016,12/2/2021,12/4/2021,Second Class,SP-20620,Stefania Perrino,Corporate,Cerignola,Apulia,Italy,South,OFF-AR-10000452,Office Supplies,Art,"Boston Pencil Sharpener, Fluorescent",28.95,1,0,4.05
332,ES-2020-1307059,10/28/2020,11/1/2020,Standard Class,JH-16180,Justin Hirsh,Consumer,Naples,Campania,Italy,South,OFF-BI-10004328,Office Supplies,Binders,"Wilson Jones Binding Machine, Economy",244.8,5,0,88.05
333,ES-2020-1307059,10/28/2020,11/1/2020,Standard Class,JH-16180,Justin Hirsh,Consumer,Naples,Campania,Italy,South,FUR-BO-10004119,Furniture,Bookcases,"Ikea Floating Shelf Set, Traditional",1362.72,8,0,81.6
334,ES-2020-1307059,10/28/2020,11/1/2020,Standard Class,JH-16180,Justin Hirsh,Consumer,Naples,Campania,Italy,South,OFF-LA-10001184,Office Supplies,Labels,"Novimex Legal Exhibit Labels, 5000 Label Set",21.72,2,0,2.82
335,ES-2020-1307059,10/28/2020,11/1/2020,Standard Class,JH-16180,Justin Hirsh,Consumer,Naples,Campania,Italy,South,OFF-EN-10003933,Office Supplies,Envelopes,"Kraft Manila Envelope, Security-Tint",173.34,6,0,13.86
348,IT-2022-2674196,9/10/2022,9/13/2022,First Class,JF-15565,Jill Fjeld,Consumer,Milan,Lombardy,Italy,South,OFF-ST-10004996,Office Supplies,Storage,"Tenex Trays, Blue",130.104,4,0.4,-41.256
349,IT-2022-2674196,9/10/2022,9/13/2022,First Class,JF-15565,Jill Fjeld,Consumer,Milan,Lombardy,Italy,South,OFF-ST-10004035,Office Supplies,Storage,"Rogers Box, Wire Frame",55.296,4,0.4,-25.824
350,IT-2022-2674196,9/10/2022,9/13/2022,First Class,JF-15565,Jill Fjeld,Consumer,Milan,Lombardy,Italy,South,OFF-PA-10002941,Office Supplies,Paper,"Green Bar Computer Printout Paper, Premium",29.76,1,0,12.78
355,ES-2022-5547121,12/18/2022,12/21/2022,First Class,JF-15355,Jay Fein,Consumer,Trapani,Sicily,Italy,South,TEC-PH-10004707,Technology,Phones,"Samsung Signal Booster, Cordless",250.992,3,0.4,4.122
356,ES-2022-5547121,12/18/2022,12/21/2022,First Class,JF-15355,Jay Fein,Consumer,Trapani,Sicily,Italy,South,OFF-ST-10002905,Office Supplies,Storage,"Rogers Box, Single Width",43.2,3,0.4,-20.16
357,ES-2022-5547121,12/18/2022,12/21/2022,First Class,JF-15355,Jay Fein,Consumer,Trapani,Sicily,Italy,South,OFF-ST-10000695,Office Supplies,Storage,"Rogers Lockers, Wire Frame",632.07,5,0.4,-158.13
358,ES-2022-5547121,12/18/2022,12/21/2022,First Class,JF-15355,Jay Fein,Consumer,Trapani,Sicily,Italy,South,OFF-ST-10003956,Office Supplies,Storage,"Rogers Trays, Single Width",185.13,5,0.4,-101.97
386,IT-2022-3734233,8/26/2022,8/30/2022,Standard Class,CS-12490,Cindy Schnelling,Corporate,Castellammare di Stabia,Campania,Italy,South,FUR-CH-10000966,Furniture,Chairs,"Harbour Creations Chairmat, Set of Two",29.7,1,0.6,-34.92
404,ES-2019-5496709,9/10/2019,9/17/2019,Standard Class,CD-12790,Cynthia Delaney,Home Office,Rome,Lazio,Italy,South,OFF-FA-10000834,Office Supplies,Fasteners,"Advantus Staples, Assorted Sizes",16.62,2,0,6.96
446,ES-2019-2945927,9/22/2019,9/24/2019,First Class,PC-18745,Pamela Coakley,Corporate,Bolzano,Trentino-Alto Adige,Italy,South,OFF-AR-10003113,Office Supplies,Art,"Binney & Smith Pens, Blue",35.82,3,0,15.03
495,ES-2022-3909772,1/14/2022,1/19/2022,Second Class,JB-15400,Jennifer Braxton,Corporate,Taranto,Apulia,Italy,South,OFF-BI-10002799,Office Supplies,Binders,"Cardinal Binder Covers, Clear",34.38,3,0,8.91
520,IT-2020-5367645,7/24/2020,7/31/2020,Standard Class,SC-20725,Steven Cartwright,Consumer,Cerignola,Apulia,Italy,South,OFF-ST-10000872,Office Supplies,Storage,"Fellowes File Cart, Single Width",412.02,5,0.4,-274.68
521,IT-2020-5367645,7/24/2020,7/31/2020,Standard Class,SC-20725,Steven Cartwright,Consumer,Cerignola,Apulia,Italy,South,OFF-ST-10001648,Office Supplies,Storage,"Tenex Shelving, Blue",98.388,3,0.4,-57.402
522,IT-2020-5367645,7/24/2020,7/31/2020,Standard Class,SC-20725,Steven Cartwright,Consumer,Cerignola,Apulia,Italy,South,OFF-AR-10001546,Office Supplies,Art,"Binney & Smith Sketch Pad, Easy-Erase",93.18,2,0,13.92
551,ES-2021-2934598,7/12/2021,7/16/2021,Standard Class,CC-12100,Chad Cunningham,Home Office,Rome,Lazio,Italy,South,OFF-LA-10004744,Office Supplies,Labels,"Smead Shipping Labels, Alphabetical",68.58,6,0,16.38
552,ES-2021-2934598,7/12/2021,7/16/2021,Standard Class,CC-12100,Chad Cunningham,Home Office,Rome,Lazio,Italy,South,TEC-CO-10002872,Technology,Copiers,"Canon Ink, Color",297.18,2,0,56.46
553,ES-2021-2934598,7/12/2021,7/16/2021,Standard Class,CC-12100,Chad Cunningham,Home Office,Rome,Lazio,Italy,South,OFF-ST-10002566,Office Supplies,Storage,"Tenex Lockers, Wire Frame",487.728,4,0.4,-73.272
554,ES-2021-2934598,7/12/2021,7/16/2021,Standard Class,CC-12100,Chad Cunningham,Home Office,Rome,Lazio,Italy,South,OFF-AR-10001002,Office Supplies,Art,"BIC Sketch Pad, Fluorescent",499.2,10,0,164.7
555,ES-2021-2934598,7/12/2021,7/16/2021,Standard Class,CC-12100,Chad Cunningham,Home Office,Rome,Lazio,Italy,South,OFF-SU-10003115,Office Supplies,Supplies,"Acme Scissors, Serrated",88.56,4,0,5.28
556,ES-2021-2934598,7/12/2021,7/16/2021,Standard Class,CC-12100,Chad Cunningham,Home Office,Rome,Lazio,Italy,South,OFF-AR-10000491,Office Supplies,Art,"Binney & Smith Pens, Water Color",30.24,2,0,10.86
557,ES-2021-2934598,7/12/2021,7/16/2021,Standard Class,CC-12100,Chad Cunningham,Home Office,Rome,Lazio,Italy,South,TEC-CO-10004365,Technology,Copiers,"HP Wireless Fax, Color",723.3,2,0,7.2
558,ES-2021-2934598,7/12/2021,7/16/2021,Standard Class,CC-12100,Chad Cunningham,Home Office,Rome,Lazio,Italy,South,OFF-BI-10000329,Office Supplies,Binders,"Acco Binder, Durable",133.2,8,0,37.2
560,ES-2021-3327575,5/18/2021,5/24/2021,Standard Class,JL-15835,John Lee,Consumer,Messina,Sicily,Italy,South,OFF-ST-10001426,Office Supplies,Storage,"Eldon Folders, Single Width",20.412,2,0.4,2.352
595,ES-2020-1177332,1/10/2020,1/16/2020,Standard Class,JL-15235,Janet Lee,Consumer,Verona,Veneto,Italy,South,OFF-PA-10003884,Office Supplies,Paper,"Eaton Message Books, Multicolor",43.98,2,0,20.22
596,ES-2020-1177332,1/10/2020,1/16/2020,Standard Class,JL-15235,Janet Lee,Consumer,Verona,Veneto,Italy,South,OFF-PA-10004160,Office Supplies,Paper,"SanDisk Note Cards, Premium",59.64,2,0,17.88
597,ES-2020-1177332,1/10/2020,1/16/2020,Standard Class,JL-15235,Janet Lee,Consumer,Verona,Veneto,Italy,South,FUR-BO-10004119,Furniture,Bookcases,"Ikea Floating Shelf Set, Traditional",1022.04,6,0,61.2
598,ES-2020-1177332,1/10/2020,1/16/2020,Standard Class,JL-15235,Janet Lee,Consumer,Verona,Veneto,Italy,South,OFF-ST-10004377,Office Supplies,Storage,"Rogers File Cart, Single Width",169.956,2,0.4,-39.684
611,IT-2020-1819598,2/23/2020,3/1/2020,Standard Class,NF-18595,Nicole Fjeld,Home Office,Sassari,Sardinia,Italy,South,TEC-MA-10001139,Technology,Machines,"Okidata Receipt Printer, Wireless",147.492,2,0.4,-31.968
636,ES-2020-5343508,8/28/2020,8/29/2020,First Class,HW-14935,Helen Wasserman,Corporate,Rome,Lazio,Italy,South,OFF-BI-10003705,Office Supplies,Binders,"Wilson Jones Binding Machine, Recycled",49.32,1,0,5.4
640,ES-2021-5014054,5/21/2021,5/25/2021,Standard Class,SC-20845,Sung Chung,Consumer,Florence,Tuscany,Italy,South,OFF-EN-10003936,Office Supplies,Envelopes,"Cameo Peel and Seal, with clear poly window",49.08,2,0,21.54
645,ES-2020-4620972,12/21/2020,12/25/2020,Standard Class,AR-10570,Anemone Ratner,Consumer,Ravenna,Emilia-Romagna,Italy,South,TEC-CO-10004078,Technology,Copiers,"Sharp Fax Machine, Laser",1478.25,5,0,132.9
647,ES-2019-4028861,11/4/2019,11/9/2019,Second Class,SC-20380,Shahid Collister,Consumer,Pozzuoli,Campania,Italy,South,OFF-FA-10003836,Office Supplies,Fasteners,"Stockwell Rubber Bands, 12 Pack",15.96,1,0,1.59
650,ES-2019-1708225,3/4/2019,3/10/2019,Standard Class,DP-13165,David Philippe,Consumer,Rimini,Emilia-Romagna,Italy,South,OFF-FA-10004899,Office Supplies,Fasteners,"OIC Clamps, 12 Pack",57.6,3,0,28.8
689,ES-2021-4398455,9/9/2021,9/14/2021,Standard Class,PO-18865,Patrick O'Donnell,Consumer,Catania,Sicily,Italy,South,OFF-AR-10004825,Office Supplies,Art,"BIC Canvas, Fluorescent",109.92,2,0,38.46
690,ES-2021-4398455,9/9/2021,9/14/2021,Standard Class,PO-18865,Patrick O'Donnell,Consumer,Catania,Sicily,Italy,South,OFF-AP-10000864,Office Supplies,Appliances,"Hamilton Beach Refrigerator, Black",1998.24,4,0,359.64
691,ES-2021-3724793,8/13/2021,8/18/2021,Standard Class,NR-18550,Nick Radford,Consumer,Monza,Lombardy,Italy,South,TEC-CO-10000011,Technology,Copiers,"HP Personal Copier, High-Speed",244.98,2,0,63.66
692,ES-2021-3724793,8/13/2021,8/18/2021,Standard Class,NR-18550,Nick Radford,Consumer,Monza,Lombardy,Italy,South,FUR-BO-10002936,Furniture,Bookcases,"Ikea Stackable Bookrack, Pine",123.93,1,0,61.95
699,ES-2022-5651770,4/24/2022,4/29/2022,Standard Class,TB-21520,Tracy Blumstein,Consumer,Rome,Lazio,Italy,South,OFF-AR-10001418,Office Supplies,Art,"BIC Markers, Easy-Erase",53.4,2,0,14.94
741,ES-2020-3492146,7/18/2020,7/22/2020,Standard Class,RK-19300,Ralph Kennedy,Consumer,Rome,Lazio,Italy,South,OFF-PA-10004923,Office Supplies,Paper,"Xerox Memo Slips, Multicolor",59.76,4,0,1.68
742,ES-2020-3492146,7/18/2020,7/22/2020,Standard Class,RK-19300,Ralph Kennedy,Consumer,Rome,Lazio,Italy,South,OFF-BI-10002894,Office Supplies,Binders,"Avery Binding Machine, Durable",50.34,1,0,3
743,ES-2020-3492146,7/18/2020,7/22/2020,Standard Class,RK-19300,Ralph Kennedy,Consumer,Rome,Lazio,Italy,South,FUR-BO-10003333,Furniture,Bookcases,"Sauder Stackable Bookrack, Traditional",292.56,2,0,43.86
761,IT-2020-5228062,12/11/2020,12/15/2020,Standard Class,DK-12985,Darren Koutras,Consumer,Fiumicino,Lazio,Italy,South,OFF-ST-10003322,Office Supplies,Storage,"Eldon Shelving, Wire Frame",56.988,2,0.4,-30.432
762,IT-2020-5228062,12/11/2020,12/15/2020,Standard Class,DK-12985,Darren Koutras,Consumer,Fiumicino,Lazio,Italy,South,OFF-AR-10004884,Office Supplies,Art,"Sanford Pens, Fluorescent",12.36,1,0,3.45
763,IT-2020-5228062,12/11/2020,12/15/2020,Standard Class,DK-12985,Darren Koutras,Consumer,Fiumicino,Lazio,Italy,South,OFF-BI-10003917,Office Supplies,Binders,"Wilson Jones 3-Hole Punch, Recycled",28.35,1,0,8.49
764,IT-2020-5228062,12/11/2020,12/15/2020,Standard Class,DK-12985,Darren Koutras,Consumer,Fiumicino,Lazio,Italy,South,OFF-PA-10000393,Office Supplies,Paper,"Xerox Memo Slips, 8.5 x 11",35.34,2,0,3.48
765,IT-2020-5228062,12/11/2020,12/15/2020,Standard Class,DK-12985,Darren Koutras,Consumer,Fiumicino,Lazio,Italy,South,OFF-AR-10002783,Office Supplies,Art,"Stanley Pencil Sharpener, Water Color",125.25,5,0,7.5
766,ES-2020-1944737,4/20/2020,4/25/2020,Second Class,RO-19780,Rose O'Brian,Consumer,Foggia,Apulia,Italy,South,OFF-AR-10000079,Office Supplies,Art,"Stanley Pencil Sharpener, Fluorescent",123.9,5,0,39.6
798,ES-2020-1473317,6/16/2020,6/22/2020,Standard Class,KB-16240,Karen Bern,Corporate,Aprilia,Lazio,Italy,South,OFF-PA-10004450,Office Supplies,Paper,"Xerox Cards & Envelopes, Recycled",134.64,3,0,43.02
799,ES-2020-1473317,6/16/2020,6/22/2020,Standard Class,KB-16240,Karen Bern,Corporate,Aprilia,Lazio,Italy,South,OFF-ST-10001646,Office Supplies,Storage,"Fellowes Box, Wire Frame",56.25,5,0.4,5.55
806,IT-2022-3322102,6/18/2022,6/24/2022,Standard Class,CR-12625,Corey Roper,Home Office,Cagliari,Sardinia,Italy,South,OFF-ST-10001576,Office Supplies,Storage,"Tenex Folders, Blue",27.864,2,0.4,-3.276
821,ES-2019-1589842,5/14/2019,5/16/2019,Second Class,AR-10825,Anthony Rawles,Corporate,Messina,Sicily,Italy,South,OFF-AR-10002454,Office Supplies,Art,"Binney & Smith Canvas, Water Color",109.08,2,0,52.32
822,ES-2019-1589842,5/14/2019,5/16/2019,Second Class,AR-10825,Anthony Rawles,Corporate,Messina,Sicily,Italy,South,TEC-AC-10000089,Technology,Accessories,"SanDisk Router, Bluetooth",1025.4,4,0,399.84
848,IT-2022-4194003,3/15/2022,3/19/2022,Second Class,LC-16960,Lindsay Castell,Home Office,Bari,Apulia,Italy,South,OFF-ST-10003446,Office Supplies,Storage,"Smead Trays, Single Width",58.212,2,0.4,-7.788
852,ES-2021-4866061,5/28/2021,5/31/2021,Second Class,CB-12025,Cassandra Brandow,Consumer,Milan,Lombardy,Italy,South,OFF-EN-10003177,Office Supplies,Envelopes,"Kraft Interoffice Envelope, Recycled",228.6,5,0,75.3
885,IT-2019-3461936,10/4/2019,10/10/2019,Standard Class,AG-10900,Arthur Gainer,Consumer,Novara,Piedmont,Italy,South,OFF-ST-10004577,Office Supplies,Storage,"Tenex Shelving, Wire Frame",290.142,9,0.4,-135.648
886,IT-2019-3461936,10/4/2019,10/10/2019,Standard Class,AG-10900,Arthur Gainer,Consumer,Novara,Piedmont,Italy,South,OFF-LA-10002490,Office Supplies,Labels,"Hon Round Labels, Alphabetical",38.88,6,0,0.36
887,IT-2019-3461936,10/4/2019,10/10/2019,Standard Class,AG-10900,Arthur Gainer,Consumer,Novara,Piedmont,Italy,South,FUR-BO-10001621,Furniture,Bookcases,"Dania Stackable Bookrack, Traditional",242.1,2,0,101.64
888,IT-2019-3461936,10/4/2019,10/10/2019,Standard Class,AG-10900,Arthur Gainer,Consumer,Novara,Piedmont,Italy,South,OFF-BI-10001249,Office Supplies,Binders,"Acco Hole Reinforcements, Recycled",21.06,3,0,10.53
901,ES-2020-5188979,1/26/2020,1/27/2020,First Class,KH-16330,Katharine Harms,Corporate,Rome,Lazio,Italy,South,OFF-EN-10000274,Office Supplies,Envelopes,"Kraft Business Envelopes, Recycled",91.44,6,0,27.36
902,ES-2020-5188979,1/26/2020,1/27/2020,First Class,KH-16330,Katharine Harms,Corporate,Rome,Lazio,Italy,South,OFF-AR-10003066,Office Supplies,Art,"Sanford Markers, Water Color",132.15,5,0,11.85
904,ES-2022-1475385,12/12/2022,12/16/2022,Standard Class,NM-18520,Neoma Murray,Consumer,Ercolano,Campania,Italy,South,TEC-AC-10004317,Technology,Accessories,"SanDisk Numeric Keypad, USB",106.32,2,0,34.02
940,IT-2022-5062587,11/20/2022,11/27/2022,Standard Class,DN-13690,Duane Noonan,Consumer,Molfetta,Apulia,Italy,South,TEC-PH-10003513,Technology,Phones,"Nokia Speaker Phone, VoIP",147.888,2,0.4,-91.212
966,ES-2022-3404737,2/17/2022,2/21/2022,Standard Class,EH-13945,Eric Hoffmann,Consumer,Genoa,Liguria,Italy,South,OFF-BI-10000368,Office Supplies,Binders,"Avery Binder Covers, Durable",37.71,3,0,4.86
967,ES-2022-3404737,2/17/2022,2/21/2022,Standard Class,EH-13945,Eric Hoffmann,Consumer,Genoa,Liguria,Italy,South,OFF-SU-10001125,Office Supplies,Supplies,"Stiletto Letter Opener, High Speed",111.12,4,0,18.84
991,ES-2022-3079041,9/19/2022,9/25/2022,Standard Class,SC-20770,Stewart Carmichael,Corporate,Vicenza,Veneto,Italy,South,TEC-CO-10001192,Technology,Copiers,"HP Personal Copier, Digital",371.79,3,0,59.4
1010,ES-2019-5644297,8/12/2019,8/14/2019,First Class,GT-14755,Guy Thornton,Consumer,Bologna,Emilia-Romagna,Italy,South,OFF-BI-10000341,Office Supplies,Binders,"Ibico Binding Machine, Recycled",155.34,3,0,27.9
1011,ES-2019-5644297,8/12/2019,8/14/2019,First Class,GT-14755,Guy Thornton,Consumer,Bologna,Emilia-Romagna,Italy,South,OFF-AR-10003066,Office Supplies,Art,"Sanford Markers, Water Color",185.01,7,0,16.59
1035,ES-2020-2209297,5/24/2020,5/29/2020,Standard Class,RB-19570,Rob Beeghly,Consumer,Turin,Piedmont,Italy,South,OFF-AR-10002783,Office Supplies,Art,"Stanley Pencil Sharpener, Water Color",225.45,9,0,13.5
1036,ES-2020-2209297,5/24/2020,5/29/2020,Standard Class,RB-19570,Rob Beeghly,Consumer,Turin,Piedmont,Italy,South,OFF-AR-10001190,Office Supplies,Art,"Boston Canvas, Easy-Erase",323.46,6,0,74.34
1052,IT-2020-1201809,10/21/2020,10/24/2020,Second Class,RH-19555,Ritsa Hightower,Consumer,Moncalieri,Piedmont,Italy,South,FUR-TA-10002411,Furniture,Tables,"Hon Round Table, with Bottom Storage",773.865,3,0.5,-742.995
1053,IT-2020-1201809,10/21/2020,10/24/2020,Second Class,RH-19555,Ritsa Hightower,Consumer,Moncalieri,Piedmont,Italy,South,OFF-LA-10004487,Office Supplies,Labels,"Harbour Creations Shipping Labels, Alphabetical",45.12,4,0,8.04
1056,ES-2021-3657887,5/4/2021,5/10/2021,Standard Class,LE-16810,Laurel Elliston,Consumer,Novara,Piedmont,Italy,South,OFF-ST-10002159,Office Supplies,Storage,"Fellowes Lockers, Wire Frame",495.36,4,0.4,41.28
1057,ES-2021-3657887,5/4/2021,5/10/2021,Standard Class,LE-16810,Laurel Elliston,Consumer,Novara,Piedmont,Italy,South,OFF-AR-10000785,Office Supplies,Art,"BIC Sketch Pad, Water Color",51.84,1,0,7.77
1058,ES-2021-3657887,5/4/2021,5/10/2021,Standard Class,LE-16810,Laurel Elliston,Consumer,Novara,Piedmont,Italy,South,OFF-AR-10001418,Office Supplies,Art,"BIC Markers, Easy-Erase",186.9,7,0,52.29
1061,ES-2020-5642589,9/15/2020,9/19/2020,Standard Class,KH-16510,Keith Herrera,Consumer,Sesto San Giovanni,Lombardy,Italy,South,OFF-AR-10001777,Office Supplies,Art,"Binney & Smith Sketch Pad, Water Color",247.5,5,0,81.6
1062,ES-2020-5642589,9/15/2020,9/19/2020,Standard Class,KH-16510,Keith Herrera,Consumer,Sesto San Giovanni,Lombardy,Italy,South,TEC-PH-10000070,Technology,Phones,"Nokia Headset, with Caller ID",87.732,2,0.4,-40.968
1063,ES-2020-5642589,9/15/2020,9/19/2020,Standard Class,KH-16510,Keith Herrera,Consumer,Sesto San Giovanni,Lombardy,Italy,South,OFF-BI-10003774,Office Supplies,Binders,"Cardinal 3-Hole Punch, Durable",181.8,6,0,83.52
1096,ES-2021-5495371,6/27/2021,7/1/2021,Standard Class,DW-13585,Dorothy Wardle,Corporate,Florence,Tuscany,Italy,South,OFF-AR-10003005,Office Supplies,Art,"Boston Markers, Fluorescent",82.89,3,0,12.42
1097,ES-2021-5495371,6/27/2021,7/1/2021,Standard Class,DW-13585,Dorothy Wardle,Corporate,Florence,Tuscany,Italy,South,OFF-BI-10003114,Office Supplies,Binders,"Ibico Hole Reinforcements, Economy",27.96,4,0,13.68
1098,ES-2021-5495371,6/27/2021,7/1/2021,Standard Class,DW-13585,Dorothy Wardle,Corporate,Florence,Tuscany,Italy,South,FUR-FU-10002539,Furniture,Furnishings,"Tenex Clock, Erganomic",244.35,5,0,109.95
1145,ES-2020-2390614,7/29/2020,8/3/2020,Standard Class,GH-14665,Greg Hansen,Consumer,Modena,Emilia-Romagna,Italy,South,OFF-EN-10003904,Office Supplies,Envelopes,"Jiffy Business Envelopes, Recycled",44.28,3,0,7.02
1150,ES-2019-2571502,8/16/2019,8/18/2019,Second Class,PG-18895,Paul Gonzalez,Consumer,Treviso,Veneto,Italy,South,OFF-ST-10004489,Office Supplies,Storage,"Smead Lockers, Single Width",238.14,2,0.4,19.8
1151,ES-2019-2571502,8/16/2019,8/18/2019,Second Class,PG-18895,Paul Gonzalez,Consumer,Treviso,Veneto,Italy,South,OFF-EN-10004649,Office Supplies,Envelopes,"Ames Mailers, Recycled",103.95,3,0,2.07
1159,ES-2020-1907253,11/30/2020,11/30/2020,Same Day,JL-15850,John Lucas,Consumer,Bolzano,Trentino-Alto Adige,Italy,South,OFF-PA-10002755,Office Supplies,Paper,"Xerox Computer Printout Paper, Multicolor",111,4,0,24.36
1161,ES-2020-5362507,11/10/2020,11/14/2020,Standard Class,WB-21850,William Brown,Consumer,Taranto,Apulia,Italy,South,OFF-EN-10003381,Office Supplies,Envelopes,"Cameo Manila Envelope, Security-Tint",147,5,0,72
1165,ES-2021-1138719,9/13/2021,9/18/2021,Standard Class,KN-16450,Kean Nguyen,Corporate,Rimini,Emilia-Romagna,Italy,South,OFF-PA-10002043,Office Supplies,Paper,"SanDisk Cards & Envelopes, 8.5 x 11",105.12,2,0,28.38
1166,ES-2021-1138719,9/13/2021,9/18/2021,Standard Class,KN-16450,Kean Nguyen,Corporate,Rimini,Emilia-Romagna,Italy,South,OFF-AR-10001462,Office Supplies,Art,"Stanley Highlighters, Fluorescent",63.84,4,0,23.52
1167,IT-2022-1471541,10/24/2022,10/26/2022,Second Class,KB-16315,Karl Braun,Consumer,Genoa,Liguria,Italy,South,TEC-PH-10004552,Technology,Phones,"Motorola Office Telephone, Full Size",350.64,8,0.4,-46.8
1168,IT-2022-1471541,10/24/2022,10/26/2022,Second Class,KB-16315,Karl Braun,Consumer,Genoa,Liguria,Italy,South,OFF-ST-10004489,Office Supplies,Storage,"Smead Lockers, Single Width",238.14,2,0.4,19.8
1187,ES-2019-1702658,10/1/2019,10/5/2019,Standard Class,RH-19510,Rick Huthwaite,Home Office,Pescara,Abruzzi,Italy,South,OFF-ST-10001974,Office Supplies,Storage,"Rogers File Cart, Industrial",84.96,1,0.4,-32.58
1297,IT-2020-2361211,6/13/2020,6/17/2020,Standard Class,BB-11545,Brenda Bowman,Corporate,Reggio nell'Emilia,Emilia-Romagna,Italy,South,OFF-ST-10004367,Office Supplies,Storage,"Rogers Trays, Blue",37.008,1,0.4,-6.192
1298,IT-2020-2361211,6/13/2020,6/17/2020,Standard Class,BB-11545,Brenda Bowman,Corporate,Reggio nell'Emilia,Emilia-Romagna,Italy,South,OFF-ST-10000624,Office Supplies,Storage,"Eldon File Cart, Single Width",154.044,2,0.4,7.644
1299,IT-2020-2361211,6/13/2020,6/17/2020,Standard Class,BB-11545,Brenda Bowman,Corporate,Reggio nell'Emilia,Emilia-Romagna,Italy,South,FUR-CH-10004536,Furniture,Chairs,"Novimex Bag Chairs, Set of Two",96.42,5,0.6,-86.88
1301,IT-2022-1332770,5/12/2022,5/17/2022,Standard Class,MC-18100,Mick Crebagga,Consumer,Verona,Veneto,Italy,South,TEC-PH-10001163,Technology,Phones,"Motorola Speaker Phone, Cordless",238.734,3,0.4,-139.266
1304,IT-2021-4217001,10/10/2021,10/14/2021,Second Class,FA-14230,Frank Atkinson,Corporate,Milan,Lombardy,Italy,South,TEC-MA-10001142,Technology,Machines,"Epson Card Printer, Wireless",713.79,7,0.4,-309.33
1305,ES-2022-5733282,10/20/2022,10/24/2022,Standard Class,JK-15640,Jim Kriz,Home Office,Turin,Piedmont,Italy,South,OFF-EN-10000053,Office Supplies,Envelopes,"Ames Business Envelopes, Recycled",53.76,4,0,20.4
1306,ES-2019-4240072,6/17/2019,6/18/2019,First Class,JF-15565,Jill Fjeld,Consumer,Aprilia,Lazio,Italy,South,TEC-CO-10002244,Technology,Copiers,"Sharp Ink, Laser",248.82,2,0,39.78
1307,ES-2019-4240072,6/17/2019,6/18/2019,First Class,JF-15565,Jill Fjeld,Consumer,Aprilia,Lazio,Italy,South,OFF-AP-10001776,Office Supplies,Appliances,"Hamilton Beach Microwave, White",561.3,2,0,33.66
1314,ES-2022-5389384,8/16/2022,8/20/2022,Standard Class,JB-16000,Joy Bell-,Consumer,Cesena,Emilia-Romagna,Italy,South,OFF-FA-10000046,Office Supplies,Fasteners,"Advantus Staples, Bulk Pack",32.58,3,0,12.96
1315,ES-2022-5389384,8/16/2022,8/20/2022,Standard Class,JB-16000,Joy Bell-,Consumer,Cesena,Emilia-Romagna,Italy,South,OFF-ST-10000288,Office Supplies,Storage,"Fellowes Lockers, Industrial",498.744,4,0.4,33.144
1329,IT-2021-4972763,8/30/2021,9/4/2021,Second Class,KW-16435,Katrina Willman,Consumer,Naples,Campania,Italy,South,OFF-ST-10004377,Office Supplies,Storage,"Rogers File Cart, Single Width",424.89,5,0.4,-99.21
1332,IT-2022-2226547,12/2/2022,12/7/2022,Standard Class,SL-20155,Sara Luxemburg,Home Office,Acireale,Sicily,Italy,South,TEC-PH-10004882,Technology,Phones,"Nokia Office Telephone, VoIP",117.396,3,0.4,-5.904
1333,IT-2022-2226547,12/2/2022,12/7/2022,Standard Class,SL-20155,Sara Luxemburg,Home Office,Acireale,Sicily,Italy,South,OFF-PA-10001722,Office Supplies,Paper,"SanDisk Message Books, Premium",166.74,7,0,43.26
1334,IT-2022-2226547,12/2/2022,12/7/2022,Standard Class,SL-20155,Sara Luxemburg,Home Office,Acireale,Sicily,Italy,South,OFF-SU-10004230,Office Supplies,Supplies,"Kleencut Scissors, Serrated",170.91,9,0,13.5
1342,ES-2022-3909772,9/17/2022,9/22/2022,Standard Class,AF-10870,Art Ferguson,Consumer,Palermo,Sicily,Italy,South,FUR-FU-10001438,Furniture,Furnishings,"Rubbermaid Frame, Duo Pack",659.7,6,0,72.54
1344,ES-2020-4736606,2/28/2020,3/4/2020,Standard Class,NP-18325,Naresj Patel,Consumer,Busto Arsizio,Lombardy,Italy,South,OFF-LA-10001793,Office Supplies,Labels,"Avery Round Labels, Alphabetical",20.88,3,0,4.59
1348,ES-2022-3852497,8/23/2022,8/28/2022,Standard Class,MM-18055,Michelle Moray,Consumer,Crotone,Calabria,Italy,South,OFF-FA-10003139,Office Supplies,Fasteners,"Advantus Push Pins, Assorted Sizes",35.64,3,0,7.11
1349,ES-2019-3666932,1/19/2019,1/20/2019,First Class,MA-17560,Matt Abelman,Home Office,Trapani,Sicily,Italy,South,OFF-ST-10000988,Office Supplies,Storage,"Fellowes Folders, Blue",47.52,3,0.4,7.92
1350,ES-2019-3666932,1/19/2019,1/20/2019,First Class,MA-17560,Matt Abelman,Home Office,Trapani,Sicily,Italy,South,OFF-BI-10004195,Office Supplies,Binders,"Wilson Jones Binding Machine, Clear",145.26,3,0,43.56
1382,IT-2022-4304364,9/2/2022,9/7/2022,Standard Class,PB-19210,Phillip Breyer,Corporate,Naples,Campania,Italy,South,TEC-PH-10002018,Technology,Phones,"Samsung Audio Dock, VoIP",100.152,1,0.4,-23.388
1383,IT-2022-4304364,9/2/2022,9/7/2022,Standard Class,PB-19210,Phillip Breyer,Corporate,Naples,Campania,Italy,South,OFF-ST-10000520,Office Supplies,Storage,"Eldon Folders, Blue",20.376,2,0.4,-7.824
1384,IT-2022-4304364,9/2/2022,9/7/2022,Standard Class,PB-19210,Phillip Breyer,Corporate,Naples,Campania,Italy,South,OFF-ST-10003990,Office Supplies,Storage,"Smead Folders, Single Width",42.048,4,0.4,-6.312
1413,ES-2022-1867993,5/8/2022,5/11/2022,First Class,AS-10285,Alejandro Savely,Corporate,Andria,Apulia,Italy,South,OFF-FA-10002600,Office Supplies,Fasteners,"Accos Thumb Tacks, 12 Pack",26.22,2,0,8.88
1435,ES-2020-5426608,9/5/2020,9/7/2020,Second Class,CA-11965,Carol Adams,Corporate,Genoa,Liguria,Italy,South,FUR-BO-10004430,Furniture,Bookcases,"Bush Floating Shelf Set, Metal",1024.38,6,0,92.16
1447,ES-2020-3603495,6/26/2020,6/30/2020,Standard Class,TN-21040,Tanja Norvell,Home Office,Modica,Sicily,Italy,South,OFF-BI-10003068,Office Supplies,Binders,"Ibico Binding Machine, Durable",370.44,7,0,170.31
1451,ES-2021-4636080,1/9/2021,1/11/2021,First Class,PV-18985,Paul Van Hugh,Home Office,Bari,Apulia,Italy,South,OFF-PA-10000423,Office Supplies,Paper,"Enermax Computer Printout Paper, Recycled",56.76,2,0,2.82
1454,ES-2020-1513143,1/17/2020,1/19/2020,Second Class,HM-14980,Henry MacAllister,Consumer,Rome,Lazio,Italy,South,FUR-FU-10001200,Furniture,Furnishings,"Tenex Photo Frame, Erganomic",302.76,6,0,5.94
1455,ES-2020-1513143,1/17/2020,1/19/2020,Second Class,HM-14980,Henry MacAllister,Consumer,Rome,Lazio,Italy,South,TEC-PH-10004028,Technology,Phones,"Apple Headset, Full Size",223.65,5,0.4,-85.8
1467,ES-2022-1651774,7/3/2022,7/8/2022,Standard Class,GH-14425,Gary Hwang,Consumer,Velletri,Lazio,Italy,South,TEC-AC-10003265,Technology,Accessories,"Belkin Router, Bluetooth",1293.75,5,0,51.75
1468,ES-2022-1651774,7/3/2022,7/8/2022,Standard Class,GH-14425,Gary Hwang,Consumer,Velletri,Lazio,Italy,South,OFF-PA-10000908,Office Supplies,Paper,"Xerox Note Cards, Premium",79.11,3,0,15.75
1469,ES-2022-1651774,7/3/2022,7/8/2022,Standard Class,GH-14425,Gary Hwang,Consumer,Velletri,Lazio,Italy,South,OFF-SU-10003804,Office Supplies,Supplies,"Kleencut Shears, Easy Grip",435.51,9,0,0
1488,ES-2022-5693371,1/10/2022,1/12/2022,First Class,AA-10645,Anna Andreadi,Consumer,Milan,Lombardy,Italy,South,OFF-BI-10004195,Office Supplies,Binders,"Wilson Jones Binding Machine, Clear",193.68,4,0,58.08
1489,ES-2022-5693371,1/10/2022,1/12/2022,First Class,AA-10645,Anna Andreadi,Consumer,Milan,Lombardy,Italy,South,OFF-ST-10001213,Office Supplies,Storage,"Smead Shelving, Industrial",148.23,5,0.4,-39.57
1512,ES-2022-5464390,3/3/2022,3/6/2022,First Class,TG-21640,Trudy Glocke,Consumer,Taranto,Apulia,Italy,South,OFF-BI-10002570,Office Supplies,Binders,"Acco Binder Covers, Clear",63.9,5,0,27.45
1515,ES-2021-2155035,8/23/2021,8/25/2021,Second Class,RL-19615,Rob Lucas,Consumer,Latina,Lazio,Italy,South,OFF-AR-10002681,Office Supplies,Art,"Stanley Canvas, Fluorescent",304.38,6,0,97.38
1551,ES-2020-5755966,1/13/2020,1/18/2020,Standard Class,BF-11020,Barry Französisch,Corporate,Pescara,Abruzzi,Italy,South,OFF-SU-10001703,Office Supplies,Supplies,"Fiskars Box Cutter, High Speed",35.52,1,0,12.42
1552,ES-2020-5755966,1/13/2020,1/18/2020,Standard Class,BF-11020,Barry Französisch,Corporate,Pescara,Abruzzi,Italy,South,OFF-BI-10004028,Office Supplies,Binders,"Ibico Index Tab, Durable",37.08,4,0,16.2
1553,ES-2020-5755966,1/13/2020,1/18/2020,Standard Class,BF-11020,Barry Französisch,Corporate,Pescara,Abruzzi,Italy,South,OFF-AP-10000584,Office Supplies,Appliances,"Breville Refrigerator, Silver",1560.24,3,0,421.2
1554,ES-2020-5755966,1/13/2020,1/18/2020,Standard Class,BF-11020,Barry Französisch,Corporate,Pescara,Abruzzi,Italy,South,FUR-FU-10003970,Furniture,Furnishings,"Rubbermaid Clock, Durable",94.38,2,0,33.96
1562,IT-2022-2405375,8/18/2022,8/24/2022,Standard Class,SB-20185,Sarah Brown,Consumer,Pistoia,Tuscany,Italy,South,TEC-PH-10000705,Technology,Phones,"Apple Headset, Cordless",45.666,1,0.4,-14.484
1563,IT-2022-2405375,8/18/2022,8/24/2022,Standard Class,SB-20185,Sarah Brown,Consumer,Pistoia,Tuscany,Italy,South,OFF-ST-10001758,Office Supplies,Storage,"Rogers Lockers, Blue",634.86,5,0.4,-349.29
1564,IT-2022-2405375,8/18/2022,8/24/2022,Standard Class,SB-20185,Sarah Brown,Consumer,Pistoia,Tuscany,Italy,South,OFF-FA-10002066,Office Supplies,Fasteners,"OIC Clamps, Bulk Pack",59.31,3,0,29.61
1565,IT-2022-2405375,8/18/2022,8/24/2022,Standard Class,SB-20185,Sarah Brown,Consumer,Pistoia,Tuscany,Italy,South,OFF-BI-10003724,Office Supplies,Binders,"Cardinal Index Tab, Economy",26.28,3,0,12.06
1566,IT-2022-2405375,8/18/2022,8/24/2022,Standard Class,SB-20185,Sarah Brown,Consumer,Pistoia,Tuscany,Italy,South,OFF-BI-10004195,Office Supplies,Binders,"Wilson Jones Binding Machine, Clear",96.84,2,0,29.04
1567,IT-2022-2405375,8/18/2022,8/24/2022,Standard Class,SB-20185,Sarah Brown,Consumer,Pistoia,Tuscany,Italy,South,OFF-AR-10000319,Office Supplies,Art,"Binney & Smith Canvas, Fluorescent",105.24,2,0,19.98
1597,ES-2022-4799283,1/24/2022,1/29/2022,Standard Class,AS-10045,Aaron Smayling,Corporate,Brescia,Lombardy,Italy,South,OFF-AR-10000066,Office Supplies,Art,"Sanford Pens, Blue",44.4,4,0,10.56
1604,IT-2019-2506333,8/25/2019,8/29/2019,Standard Class,DM-13345,Denise Monton,Corporate,Turin,Piedmont,Italy,South,OFF-ST-10004482,Office Supplies,Storage,"Rogers Shelving, Industrial",450.792,12,0.4,-75.168
1605,IT-2019-2506333,8/25/2019,8/29/2019,Standard Class,DM-13345,Denise Monton,Corporate,Turin,Piedmont,Italy,South,TEC-PH-10004297,Technology,Phones,"Motorola Speaker Phone, Full Size",393.21,5,0.4,-190.14
1606,IT-2019-2506333,8/25/2019,8/29/2019,Standard Class,DM-13345,Denise Monton,Corporate,Turin,Piedmont,Italy,South,OFF-ST-10001426,Office Supplies,Storage,"Eldon Folders, Single Width",51.03,5,0.4,5.88
1607,IT-2019-2506333,8/25/2019,8/29/2019,Standard Class,DM-13345,Denise Monton,Corporate,Turin,Piedmont,Italy,South,OFF-ST-10002555,Office Supplies,Storage,"Eldon Lockers, Industrial",119.034,1,0.4,17.844
1608,IT-2019-2506333,8/25/2019,8/29/2019,Standard Class,DM-13345,Denise Monton,Corporate,Turin,Piedmont,Italy,South,OFF-ST-10000130,Office Supplies,Storage,"Eldon Trays, Wire Frame",84.672,3,0.4,-1.458
1609,IT-2019-2506333,8/25/2019,8/29/2019,Standard Class,DM-13345,Denise Monton,Corporate,Turin,Piedmont,Italy,South,FUR-CH-10003365,Furniture,Chairs,"Office Star Executive Leather Armchair, Adjustable",744,4,0.6,-353.4
1635,IT-2022-2185471,6/16/2022,6/20/2022,Standard Class,KH-16690,Kristen Hastings,Corporate,Foggia,Apulia,Italy,South,TEC-PH-10003549,Technology,Phones,"Samsung Headset, with Caller ID",175.68,4,0.4,-102.48
1660,ES-2019-4237527,4/2/2019,4/5/2019,First Class,BP-11230,Benjamin Patterson,Consumer,Treviso,Veneto,Italy,South,OFF-BI-10003705,Office Supplies,Binders,"Wilson Jones Binding Machine, Recycled",295.92,6,0,32.4
1661,ES-2019-4237527,4/2/2019,4/5/2019,First Class,BP-11230,Benjamin Patterson,Consumer,Treviso,Veneto,Italy,South,TEC-AC-10004379,Technology,Accessories,"SanDisk Flash Drive, Programmable",123.12,3,0,50.4
1662,ES-2019-4237527,4/2/2019,4/5/2019,First Class,BP-11230,Benjamin Patterson,Consumer,Treviso,Veneto,Italy,South,OFF-AR-10000399,Office Supplies,Art,"Stanley Canvas, Water Color",157.95,3,0,69.48
1686,ES-2019-4862124,10/1/2019,10/3/2019,First Class,LW-17215,Luke Weiss,Consumer,Bolzano,Trentino-Alto Adige,Italy,South,OFF-BI-10003708,Office Supplies,Binders,"Cardinal Binder, Recycled",70.95,5,0,14.85
1713,ES-2020-2268105,11/10/2020,11/13/2020,First Class,AS-10090,Adam Shillingsburg,Consumer,Naples,Campania,Italy,South,OFF-FA-10002071,Office Supplies,Fasteners,"Accos Thumb Tacks, Assorted Sizes",55.65,5,0,3.75
1734,ES-2022-5916291,8/29/2022,9/5/2022,Standard Class,MP-17965,Michael Paige,Corporate,Rome,Lazio,Italy,South,OFF-AR-10002165,Office Supplies,Art,"Boston Sketch Pad, Fluorescent",249.3,5,0,0
1736,ES-2022-3555631,9/17/2022,9/19/2022,First Class,HA-14905,Helen Abelman,Consumer,Altamura,Apulia,Italy,South,TEC-AC-10002348,Technology,Accessories,"Enermax Memory Card, USB",802.2,7,0,120.33
1775,ES-2022-1651774,9/8/2022,9/14/2022,Standard Class,PJ-18835,Patrick Jones,Corporate,Prato,Tuscany,Italy,South,OFF-AP-10004512,Office Supplies,Appliances,"Hoover Stove, Red",7958.58,14,0,3979.08
1822,ES-2020-2930191,6/17/2020,6/21/2020,Standard Class,AR-10510,Andrew Roberts,Consumer,Velletri,Lazio,Italy,South,OFF-SU-10001992,Office Supplies,Supplies,"Stiletto Ruler, Serrated",46.32,4,0,15.24
1823,ES-2020-2930191,6/17/2020,6/21/2020,Standard Class,AR-10510,Andrew Roberts,Consumer,Velletri,Lazio,Italy,South,OFF-SU-10000877,Office Supplies,Supplies,"Acme Scissors, Easy Grip",108.24,4,0,25.92
1824,ES-2020-2930191,6/17/2020,6/21/2020,Standard Class,AR-10510,Andrew Roberts,Consumer,Velletri,Lazio,Italy,South,FUR-BO-10000490,Furniture,Bookcases,"Bush Library with Doors, Metal",2546.46,7,0,381.78
1825,ES-2020-2930191,6/17/2020,6/21/2020,Standard Class,AR-10510,Andrew Roberts,Consumer,Velletri,Lazio,Italy,South,OFF-EN-10003817,Office Supplies,Envelopes,"Jiffy Business Envelopes, Security-Tint",47.88,3,0,2.79
1826,ES-2020-2930191,6/17/2020,6/21/2020,Standard Class,AR-10510,Andrew Roberts,Consumer,Velletri,Lazio,Italy,South,OFF-ST-10002172,Office Supplies,Storage,"Fellowes Trays, Blue",137.736,4,0.4,-75.864
1827,ES-2021-4779701,7/8/2021,7/11/2021,First Class,SP-20920,Susan Pistek,Consumer,Bologna,Emilia-Romagna,Italy,South,OFF-AP-10004512,Office Supplies,Appliances,"Hoover Stove, Red",3979.29,7,0,1989.54
1828,ES-2021-4779701,7/8/2021,7/11/2021,First Class,SP-20920,Susan Pistek,Consumer,Bologna,Emilia-Romagna,Italy,South,FUR-FU-10001495,Furniture,Furnishings,"Eldon Door Stop, Durable",188.76,4,0,39.6
1829,ES-2021-2481532,11/12/2021,11/17/2021,Standard Class,LS-16975,Lindsay Shagiari,Home Office,Naples,Campania,Italy,South,OFF-FA-10001520,Office Supplies,Fasteners,"Stockwell Thumb Tacks, 12 Pack",64.8,5,0,29.1
1830,ES-2021-2481532,11/12/2021,11/17/2021,Standard Class,LS-16975,Lindsay Shagiari,Home Office,Naples,Campania,Italy,South,OFF-LA-10000604,Office Supplies,Labels,"Harbour Creations Color Coded Labels, Laser Printer Compatible",51.6,4,0,10.8
1831,ES-2021-2481532,11/12/2021,11/17/2021,Standard Class,LS-16975,Lindsay Shagiari,Home Office,Naples,Campania,Italy,South,TEC-PH-10003601,Technology,Phones,"Apple Office Telephone, with Caller ID",195.84,5,0.4,-111.06
1844,IT-2021-4258921,1/16/2021,1/18/2021,First Class,PS-18970,Paul Stevenson,Home Office,Naples,Campania,Italy,South,FUR-CH-10002152,Furniture,Chairs,"Hon Bag Chairs, Set of Two",94.8,5,0.6,-113.85
1845,ES-2020-2974297,2/16/2020,2/18/2020,Second Class,AS-10045,Aaron Smayling,Corporate,Genoa,Liguria,Italy,South,OFF-BI-10003277,Office Supplies,Binders,"Ibico Binder Covers, Durable",30.3,2,0,3.6
1883,ES-2022-2458882,12/4/2022,12/4/2022,Same Day,CS-12400,Christopher Schild,Home Office,Palermo,Sicily,Italy,South,OFF-PA-10002196,Office Supplies,Paper,"Green Bar Message Books, Recycled",189.6,8,0,68.16
1886,IT-2020-4005393,2/5/2020,2/7/2020,Second Class,AG-10330,Alex Grayson,Consumer,Naples,Campania,Italy,South,TEC-MA-10000687,Technology,Machines,"Konica Calculator, Red",58.536,2,0.4,-0.984
1887,IT-2020-4005393,2/5/2020,2/7/2020,Second Class,AG-10330,Alex Grayson,Consumer,Naples,Campania,Italy,South,TEC-PH-10004614,Technology,Phones,"Cisco Headset, Full Size",53.838,1,0.4,-5.412
1893,ES-2022-2398483,2/27/2022,3/6/2022,Standard Class,SC-20230,Scot Coram,Corporate,Genoa,Liguria,Italy,South,OFF-FA-10004997,Office Supplies,Fasteners,"Accos Paper Clips, Bulk Pack",56.64,4,0,20.88
1899,IT-2021-2906842,1/8/2021,1/11/2021,First Class,MC-17845,Michael Chen,Consumer,Battipaglia,Campania,Italy,South,FUR-CH-10000667,Furniture,Chairs,"Novimex Chairmat, Black",21.564,1,0.6,-20.496
1905,ES-2021-3007238,8/23/2021,8/29/2021,Standard Class,PP-18955,Paul Prost,Home Office,Pistoia,Tuscany,Italy,South,OFF-AR-10000266,Office Supplies,Art,"BIC Markers, Fluorescent",83.07,3,0,6.57
1951,ES-2022-5170546,9/2/2022,9/7/2022,Standard Class,RL-19615,Rob Lucas,Consumer,Milan,Lombardy,Italy,South,OFF-SU-10003209,Office Supplies,Supplies,"Elite Scissors, Easy Grip",48.3,2,0,22.2
1954,ES-2022-2979530,6/9/2022,6/14/2022,Standard Class,TC-21535,Tracy Collins,Home Office,Rome,Lazio,Italy,South,OFF-BI-10002225,Office Supplies,Binders,"Cardinal Binding Machine, Durable",461.43,9,0,161.46
1963,ES-2022-5801819,3/18/2022,3/22/2022,Standard Class,SD-20485,Shirley Daniels,Home Office,Rome,Lazio,Italy,South,OFF-PA-10002396,Office Supplies,Paper,"Eaton Memo Slips, 8.5 x 11",53.64,3,0,14.4
1964,ES-2022-5801819,3/18/2022,3/22/2022,Standard Class,SD-20485,Shirley Daniels,Home Office,Rome,Lazio,Italy,South,OFF-AR-10003247,Office Supplies,Art,"Boston Highlighters, Water Color",110.25,5,0,19.8
1999,ES-2019-1761215,8/11/2019,8/13/2019,Second Class,AH-10195,Alan Haines,Corporate,Trento,Trentino-Alto Adige,Italy,South,OFF-SU-10004980,Office Supplies,Supplies,"Acme Trimmer, Steel",175.92,4,0,38.64
2000,ES-2019-1761215,8/11/2019,8/13/2019,Second Class,AH-10195,Alan Haines,Corporate,Trento,Trentino-Alto Adige,Italy,South,OFF-BI-10001384,Office Supplies,Binders,"Cardinal Binder, Economy",69.15,5,0,25.5
2001,ES-2019-1761215,8/11/2019,8/13/2019,Second Class,AH-10195,Alan Haines,Corporate,Trento,Trentino-Alto Adige,Italy,South,TEC-PH-10001557,Technology,Phones,"Apple Speaker Phone, VoIP",370.17,5,0.4,-0.03
2002,ES-2019-1761215,8/11/2019,8/13/2019,Second Class,AH-10195,Alan Haines,Corporate,Trento,Trentino-Alto Adige,Italy,South,OFF-AP-10002229,Office Supplies,Appliances,"KitchenAid Coffee Grinder, Red",140.94,2,0,23.94
2006,IT-2019-4648014,6/11/2019,6/17/2019,Standard Class,AH-10075,Adam Hart,Corporate,Aprilia,Lazio,Italy,South,OFF-ST-10004191,Office Supplies,Storage,"Tenex Lockers, Blue",489.96,4,0.4,-114.36
2007,IT-2019-4648014,6/11/2019,6/17/2019,Standard Class,AH-10075,Adam Hart,Corporate,Aprilia,Lazio,Italy,South,OFF-FA-10004899,Office Supplies,Fasteners,"OIC Clamps, 12 Pack",57.6,3,0,28.8
2008,IT-2019-4648014,6/11/2019,6/17/2019,Standard Class,AH-10075,Adam Hart,Corporate,Aprilia,Lazio,Italy,South,OFF-BI-10000312,Office Supplies,Binders,"Cardinal Binder Covers, Economy",48,4,0,1.92
2009,IT-2019-4648014,6/11/2019,6/17/2019,Standard Class,AH-10075,Adam Hart,Corporate,Aprilia,Lazio,Italy,South,OFF-BI-10003277,Office Supplies,Binders,"Ibico Binder Covers, Durable",45.45,3,0,5.4
2021,ES-2022-5378214,7/16/2022,7/22/2022,Standard Class,DH-13075,Dave Hallsten,Corporate,Bologna,Emilia-Romagna,Italy,South,OFF-AR-10002681,Office Supplies,Art,"Stanley Canvas, Fluorescent",304.38,6,0,97.38
2022,ES-2021-3990773,11/25/2021,12/1/2021,Standard Class,NG-18430,Nathan Gelder,Consumer,Naples,Campania,Italy,South,OFF-PA-10001595,Office Supplies,Paper,"Enermax Memo Slips, 8.5 x 11",59.4,3,0,0
2023,ES-2019-3525697,6/3/2019,6/8/2019,Standard Class,JL-15130,Jack Lebron,Consumer,Milan,Lombardy,Italy,South,TEC-CO-10003965,Technology,Copiers,"Brother Ink, Laser",441.9,3,0,0
2024,ES-2019-3525697,6/3/2019,6/8/2019,Standard Class,JL-15130,Jack Lebron,Consumer,Milan,Lombardy,Italy,South,OFF-ST-10000130,Office Supplies,Storage,"Eldon Trays, Wire Frame",56.448,2,0.4,-0.972
2040,ES-2019-5426048,9/28/2019,10/2/2019,Standard Class,AP-10915,Arthur Prichep,Consumer,Cagliari,Sardinia,Italy,South,OFF-BI-10000620,Office Supplies,Binders,"Wilson Jones Index Tab, Economy",32.25,5,0,8.25
2045,ES-2022-4401602,5/9/2022,5/15/2022,Standard Class,CY-12745,Craig Yedwab,Corporate,Bologna,Emilia-Romagna,Italy,South,OFF-LA-10001633,Office Supplies,Labels,"Novimex File Folder Labels, 5000 Label Set",8.64,1,0,3.36
2075,IT-2020-1478733,7/14/2020,7/18/2020,Standard Class,CS-12250,Chris Selesnick,Corporate,Turin,Piedmont,Italy,South,TEC-PH-10000258,Technology,Phones,"Motorola Audio Dock, Cordless",211.464,2,0.4,-49.356
2076,IT-2020-1478733,7/14/2020,7/18/2020,Standard Class,CS-12250,Chris Selesnick,Corporate,Turin,Piedmont,Italy,South,TEC-CO-10000620,Technology,Copiers,"Brother Wireless Fax, Digital",756.9,2,0,68.1
2098,IT-2022-1709193,1/15/2022,1/22/2022,Standard Class,NC-18535,Nick Crebassa,Corporate,Perugia,Umbria,Italy,South,TEC-PH-10003774,Technology,Phones,"Cisco Headset, with Caller ID",106.128,2,0.4,-0.012
2099,ES-2019-1690587,1/19/2019,1/21/2019,First Class,AB-10600,Ann Blume,Corporate,Sesto San Giovanni,Lombardy,Italy,South,OFF-EN-10004150,Office Supplies,Envelopes,"GlobeWeis Business Envelopes, Recycled",48.42,3,0,21.24
2127,IT-2019-5027623,7/27/2019,8/2/2019,Standard Class,SF-20200,Sarah Foster,Consumer,Palermo,Sicily,Italy,South,TEC-PH-10000641,Technology,Phones,"Motorola Headset, Full Size",194.472,4,0.4,-58.368
2129,ES-2020-2737892,9/3/2020,9/7/2020,Standard Class,AW-10840,Anthony Witt,Consumer,Sesto San Giovanni,Lombardy,Italy,South,OFF-ST-10002555,Office Supplies,Storage,"Eldon Lockers, Industrial",357.102,3,0.4,53.532
2130,ES-2020-2737892,9/3/2020,9/7/2020,Standard Class,AW-10840,Anthony Witt,Consumer,Sesto San Giovanni,Lombardy,Italy,South,OFF-BI-10004446,Office Supplies,Binders,"Acco Binding Machine, Economy",204.36,4,0,59.16
2141,ES-2020-1030632,9/22/2020,9/27/2020,Standard Class,MV-17485,Mark Van Huff,Consumer,Palermo,Sicily,Italy,South,OFF-FA-10001680,Office Supplies,Fasteners,"OIC Push Pins, Metal",45.09,3,0,18
2142,ES-2020-1030632,9/22/2020,9/27/2020,Standard Class,MV-17485,Mark Van Huff,Consumer,Palermo,Sicily,Italy,South,TEC-PH-10002597,Technology,Phones,"Apple Signal Booster, with Caller ID",491.94,6,0.4,-254.34
2143,ES-2020-1030632,9/22/2020,9/27/2020,Standard Class,MV-17485,Mark Van Huff,Consumer,Palermo,Sicily,Italy,South,TEC-AC-10004221,Technology,Accessories,"Logitech Memory Card, Programmable",314.64,3,0,128.97
2146,ES-2019-4228024,2/21/2019,2/28/2019,Standard Class,AM-10360,Alice McCarthy,Corporate,Messina,Sicily,Italy,South,OFF-LA-10004332,Office Supplies,Labels,"Novimex File Folder Labels, Adjustable",18.45,3,0,3.69
2147,IT-2022-1612191,8/14/2022,8/18/2022,Standard Class,TT-21460,Tonja Turnell,Home Office,Como,Lombardy,Italy,South,TEC-MA-10000982,Technology,Machines,"Konica Inkjet, Wireless",1316.448,7,0.4,-526.722
2160,ES-2021-1001647,6/26/2021,7/1/2021,Standard Class,DD-13570,Dorothy Dickinson,Consumer,Turin,Piedmont,Italy,South,OFF-BI-10002570,Office Supplies,Binders,"Cardinal 3-Hole Punch, Clear",84.78,3,0,17.73
2161,ES-2021-1001647,6/26/2021,7/1/2021,Standard Class,DD-13570,Dorothy Dickinson,Consumer,Turin,Piedmont,Italy,South,FUR-BO-10004408,Furniture,Bookcases,"Dania Stackable Bookrack, Pine",491.76,4,0,4.8
2162,ES-2021-1001647,6/26/2021,7/1/2021,Standard Class,DD-13570,Dorothy Dickinson,Consumer,Turin,Piedmont,Italy,South,OFF-BI-10004801,Office Supplies,Binders,"Acco Binding Machine, Durable",157.77,3,0,37.8
2163,ES-2021-1001647,6/26/2021,7/1/2021,Standard Class,DD-13570,Dorothy Dickinson,Consumer,Turin,Piedmont,Italy,South,FUR-TA-10003790,Furniture,Tables,"Bevis Computer Table, Fully Assembled",989.04,4,0.5,-435.24
2164,ES-2021-1001647,6/26/2021,7/1/2021,Standard Class,DD-13570,Dorothy Dickinson,Consumer,Turin,Piedmont,Italy,South,OFF-PA-10003956,Office Supplies,Paper,"SanDisk Parchment Paper, Recycled",66.48,4,0,10.56
2165,ES-2021-1001647,6/26/2021,7/1/2021,Standard Class,DD-13570,Dorothy Dickinson,Consumer,Turin,Piedmont,Italy,South,OFF-SU-10001125,Office Supplies,Supplies,"Stiletto Letter Opener, High Speed",111.12,4,0,18.84
2166,ES-2021-1001647,6/26/2021,7/1/2021,Standard Class,DD-13570,Dorothy Dickinson,Consumer,Turin,Piedmont,Italy,South,TEC-MA-10001298,Technology,Machines,"StarTech Receipt Printer, Wireless",66.348,1,0.4,-36.492
2167,ES-2021-1001647,6/26/2021,7/1/2021,Standard Class,DD-13570,Dorothy Dickinson,Consumer,Turin,Piedmont,Italy,South,OFF-BI-10004554,Office Supplies,Binders,"Avery Index Tab, Clear",18.99,3,0,0.72
2168,ES-2021-1001647,6/26/2021,7/1/2021,Standard Class,DD-13570,Dorothy Dickinson,Consumer,Turin,Piedmont,Italy,South,OFF-BI-10001384,Office Supplies,Binders,"Cardinal Binder, Economy",13.83,1,0,5.1
2169,IT-2022-2540551,10/20/2022,10/27/2022,Standard Class,AM-10705,Anne McFarland,Consumer,Palermo,Sicily,Italy,South,OFF-ST-10003335,Office Supplies,Storage,"Smead Box, Blue",32.31,5,0.4,-21.54
2192,ES-2021-3576323,7/30/2021,8/4/2021,Standard Class,SV-20785,Stewart Visinsky,Consumer,Milan,Lombardy,Italy,South,OFF-LA-10000296,Office Supplies,Labels,"Hon Color Coded Labels, Adjustable",32.13,3,0,5.13
2193,ES-2021-3576323,7/30/2021,8/4/2021,Standard Class,SV-20785,Stewart Visinsky,Consumer,Milan,Lombardy,Italy,South,OFF-BI-10002894,Office Supplies,Binders,"Avery Binding Machine, Durable",50.34,1,0,3
2202,ES-2021-3167494,7/20/2021,7/24/2021,Standard Class,LC-17140,Logan Currie,Consumer,Catania,Sicily,Italy,South,OFF-AR-10002805,Office Supplies,Art,"Boston Sketch Pad, Blue",486,10,0,208.8
2203,ES-2021-3167494,7/20/2021,7/24/2021,Standard Class,LC-17140,Logan Currie,Consumer,Catania,Sicily,Italy,South,FUR-TA-10002544,Furniture,Tables,"Barricks Training Table, Fully Assembled",319.77,2,0.5,-76.77
2204,ES-2021-3167494,7/20/2021,7/24/2021,Standard Class,LC-17140,Logan Currie,Consumer,Catania,Sicily,Italy,South,OFF-PA-10002534,Office Supplies,Paper,"Green Bar Memo Slips, Multicolor",165.24,9,0,59.4
2205,ES-2021-3167494,7/20/2021,7/24/2021,Standard Class,LC-17140,Logan Currie,Consumer,Catania,Sicily,Italy,South,FUR-CH-10004774,Furniture,Chairs,"Novimex Executive Leather Armchair, Red",920.4,5,0.6,-575.25
2207,ES-2021-4099178,4/29/2021,4/29/2021,Same Day,DL-13495,Dionis Lloyd,Corporate,Brescia,Lombardy,Italy,South,OFF-AR-10000399,Office Supplies,Art,"Stanley Canvas, Water Color",157.95,3,0,69.48
2217,ES-2020-5635375,4/5/2020,4/10/2020,Standard Class,CS-12460,Chuck Sachs,Consumer,Venice,Veneto,Italy,South,OFF-AR-10002145,Office Supplies,Art,"Binney & Smith Sketch Pad, Fluorescent",95.16,2,0,4.74
2218,ES-2020-5635375,4/5/2020,4/10/2020,Standard Class,CS-12460,Chuck Sachs,Consumer,Venice,Veneto,Italy,South,OFF-AR-10002672,Office Supplies,Art,"Boston Highlighters, Blue",56.61,3,0,14.13
2241,ES-2021-4468149,12/31/2021,1/3/2022,First Class,JK-15730,Joe Kamberova,Consumer,Rome,Lazio,Italy,South,OFF-BI-10003114,Office Supplies,Binders,"Ibico Hole Reinforcements, Economy",55.92,8,0,27.36
2242,ES-2021-4468149,12/31/2021,1/3/2022,First Class,JK-15730,Joe Kamberova,Consumer,Rome,Lazio,Italy,South,OFF-EN-10003669,Office Supplies,Envelopes,"Jiffy Mailers, Security-Tint",118.71,3,0,45.09
2243,ES-2021-4468149,12/31/2021,1/3/2022,First Class,JK-15730,Joe Kamberova,Consumer,Rome,Lazio,Italy,South,TEC-CO-10002240,Technology,Copiers,"Canon Copy Machine, High-Speed",781.02,3,0,140.58
2249,ES-2022-4582301,5/30/2022,6/4/2022,Standard Class,JM-15655,Jim Mitchum,Corporate,Anzio,Lazio,Italy,South,TEC-CO-10002937,Technology,Copiers,"Canon Ink, High-Speed",290.7,2,0,93
2273,ES-2019-3528133,3/22/2019,3/25/2019,First Class,AB-10015,Aaron Bergman,Consumer,Marsala,Sicily,Italy,South,TEC-PH-10001382,Technology,Phones,"Apple Office Telephone, Cordless",81.756,2,0.4,13.596
2274,ES-2019-3528133,3/22/2019,3/25/2019,First Class,AB-10015,Aaron Bergman,Consumer,Marsala,Sicily,Italy,South,OFF-LA-10001169,Office Supplies,Labels,"Harbour Creations Round Labels, Laser Printer Compatible",47.25,7,0,6.93
2275,ES-2019-3528133,3/22/2019,3/25/2019,First Class,AB-10015,Aaron Bergman,Consumer,Marsala,Sicily,Italy,South,OFF-SU-10000255,Office Supplies,Supplies,"Elite Box Cutter, High Speed",104.67,3,0,41.85
2283,ES-2021-3200273,9/26/2021,10/1/2021,Standard Class,GD-14590,Giulietta Dortch,Corporate,Legnano,Lombardy,Italy,South,TEC-AC-10000140,Technology,Accessories,"Enermax Numeric Keypad, Bluetooth",230.16,4,0,52.92
2284,ES-2021-3200273,9/26/2021,10/1/2021,Standard Class,GD-14590,Giulietta Dortch,Corporate,Legnano,Lombardy,Italy,South,OFF-LA-10001265,Office Supplies,Labels,"Hon File Folder Labels, Alphabetical",42.3,5,0,16.05
2285,ES-2021-3200273,9/26/2021,10/1/2021,Standard Class,GD-14590,Giulietta Dortch,Corporate,Legnano,Lombardy,Italy,South,TEC-PH-10003963,Technology,Phones,"Apple Signal Booster, Full Size",662.112,8,0.4,-386.448
2322,IT-2020-5301604,10/2/2020,10/6/2020,Standard Class,AO-10810,Anthony O'Donnell,Corporate,Cagliari,Sardinia,Italy,South,TEC-PH-10000641,Technology,Phones,"Motorola Headset, Full Size",97.236,2,0.4,-29.184
2323,IT-2020-5301604,10/2/2020,10/6/2020,Standard Class,AO-10810,Anthony O'Donnell,Corporate,Cagliari,Sardinia,Italy,South,OFF-LA-10004744,Office Supplies,Labels,"Smead Shipping Labels, Alphabetical",57.15,5,0,13.65
2324,IT-2020-5301604,10/2/2020,10/6/2020,Standard Class,AO-10810,Anthony O'Donnell,Corporate,Cagliari,Sardinia,Italy,South,OFF-BI-10003058,Office Supplies,Binders,"Acco Binder Covers, Economy",66.6,5,0,27.3
2325,IT-2020-5301604,10/2/2020,10/6/2020,Standard Class,AO-10810,Anthony O'Donnell,Corporate,Cagliari,Sardinia,Italy,South,OFF-FA-10000191,Office Supplies,Fasteners,"Stockwell Rubber Bands, 12 Pack",62.28,4,0,18.6
2326,IT-2020-5301604,10/2/2020,10/6/2020,Standard Class,AO-10810,Anthony O'Donnell,Corporate,Cagliari,Sardinia,Italy,South,OFF-AR-10000724,Office Supplies,Art,"Boston Pens, Fluorescent",108.36,7,0,18.27
2327,IT-2020-5301604,10/2/2020,10/6/2020,Standard Class,AO-10810,Anthony O'Donnell,Corporate,Cagliari,Sardinia,Italy,South,TEC-MA-10001142,Technology,Machines,"Epson Card Printer, Wireless",917.73,9,0.4,-397.71
2328,IT-2020-5301604,10/2/2020,10/6/2020,Standard Class,AO-10810,Anthony O'Donnell,Corporate,Cagliari,Sardinia,Italy,South,OFF-AR-10001606,Office Supplies,Art,"BIC Highlighters, Fluorescent",80.76,4,0,26.64
2339,IT-2021-5470978,12/28/2021,12/31/2021,First Class,TS-21505,Tony Sayre,Consumer,Rome,Lazio,Italy,South,FUR-CH-10003794,Furniture,Chairs,"SAFCO Bag Chairs, Set of Two",41.352,2,0.6,-28.968
2355,ES-2019-5596924,6/14/2019,6/18/2019,Standard Class,SM-20005,Sally Matthias,Consumer,Venice,Veneto,Italy,South,OFF-PA-10001536,Office Supplies,Paper,"SanDisk Message Books, 8.5 x 11",111.84,4,0,54.72
2356,ES-2019-5596924,6/14/2019,6/18/2019,Standard Class,SM-20005,Sally Matthias,Consumer,Venice,Veneto,Italy,South,OFF-ST-10004855,Office Supplies,Storage,"Smead Lockers, Industrial",238.68,2,0.4,-47.76
2368,ES-2019-3353574,2/22/2019,2/26/2019,Standard Class,PG-18895,Paul Gonzalez,Consumer,Grosseto,Tuscany,Italy,South,OFF-BI-10000368,Office Supplies,Binders,"Avery Binder Covers, Durable",62.85,5,0,8.1
2369,ES-2019-3353574,2/22/2019,2/26/2019,Standard Class,PG-18895,Paul Gonzalez,Consumer,Grosseto,Tuscany,Italy,South,OFF-BI-10001253,Office Supplies,Binders,"Acco Binder Covers, Recycled",41.04,3,0,12.24
2370,ES-2019-3353574,2/22/2019,2/26/2019,Standard Class,PG-18895,Paul Gonzalez,Consumer,Grosseto,Tuscany,Italy,South,TEC-MA-10002118,Technology,Machines,"Konica Printer, Red",476.982,3,0.4,39.672
2371,ES-2019-3353574,2/22/2019,2/26/2019,Standard Class,PG-18895,Paul Gonzalez,Consumer,Grosseto,Tuscany,Italy,South,OFF-BI-10002986,Office Supplies,Binders,"Avery Binder Covers, Recycled",22.86,2,0,8.22
2372,ES-2019-3353574,2/22/2019,2/26/2019,Standard Class,PG-18895,Paul Gonzalez,Consumer,Grosseto,Tuscany,Italy,South,FUR-FU-10000620,Furniture,Furnishings,"Advantus Clock, Black",102.78,2,0,29.76
2384,IT-2020-5084286,4/19/2020,4/20/2020,First Class,BT-11485,Brad Thomas,Home Office,Guidonia Montecelio,Lazio,Italy,South,TEC-PH-10002907,Technology,Phones,"Motorola Headset, VoIP",191.592,4,0.4,-60.768
2385,IT-2020-5084286,4/19/2020,4/20/2020,First Class,BT-11485,Brad Thomas,Home Office,Guidonia Montecelio,Lazio,Italy,South,TEC-CO-10002083,Technology,Copiers,"HP Fax and Copier, High-Speed",171.09,1,0,66.72
2397,ES-2021-1123163,4/25/2021,5/2/2021,Standard Class,SV-20815,Stuart Van,Corporate,Rome,Lazio,Italy,South,OFF-PA-10001758,Office Supplies,Paper,"Enermax Note Cards, Premium",142.5,5,0,14.25
2398,ES-2021-1123163,4/25/2021,5/2/2021,Standard Class,SV-20815,Stuart Van,Corporate,Rome,Lazio,Italy,South,OFF-AR-10002165,Office Supplies,Art,"Boston Sketch Pad, Fluorescent",99.72,2,0,0
2399,ES-2021-2435824,8/21/2021,8/26/2021,Standard Class,RD-19900,Ruben Dartt,Consumer,Naples,Campania,Italy,South,FUR-FU-10001090,Furniture,Furnishings,"Advantus Stacking Tray, Erganomic",23.4,1,0,7.23
2427,ES-2022-1366621,6/19/2022,6/25/2022,Standard Class,MZ-17335,Maria Zettner,Home Office,Rome,Lazio,Italy,South,TEC-AC-10004054,Technology,Accessories,"Memorex Memory Card, Erganomic",800.64,8,0,144
2452,ES-2019-3581861,9/13/2019,9/19/2019,Standard Class,TN-21040,Tanja Norvell,Home Office,Bergamo,Lombardy,Italy,South,OFF-BI-10003058,Office Supplies,Binders,"Acco Binder Covers, Economy",26.64,2,0,10.92
2453,ES-2019-3581861,9/13/2019,9/19/2019,Standard Class,TN-21040,Tanja Norvell,Home Office,Bergamo,Lombardy,Italy,South,OFF-AR-10004303,Office Supplies,Art,"Stanley Markers, Blue",111,5,0,9.9
2454,ES-2019-3581861,9/13/2019,9/19/2019,Standard Class,TN-21040,Tanja Norvell,Home Office,Bergamo,Lombardy,Italy,South,OFF-ST-10000952,Office Supplies,Storage,"Smead File Cart, Blue",152.964,2,0.4,-99.456
2460,ES-2022-1779830,11/6/2022,11/11/2022,Standard Class,NC-18625,Noah Childs,Corporate,Rome,Lazio,Italy,South,OFF-EN-10002955,Office Supplies,Envelopes,"Jiffy Interoffice Envelope, with clear poly window",199.92,4,0,93.96
2461,ES-2022-1779830,11/6/2022,11/11/2022,Standard Class,NC-18625,Noah Childs,Corporate,Rome,Lazio,Italy,South,OFF-EN-10004150,Office Supplies,Envelopes,"GlobeWeis Business Envelopes, Recycled",80.7,5,0,35.4
2462,ES-2022-1779830,11/6/2022,11/11/2022,Standard Class,NC-18625,Noah Childs,Corporate,Rome,Lazio,Italy,South,OFF-FA-10002248,Office Supplies,Fasteners,"Stockwell Staples, Assorted Sizes",33,4,0,14.16
2463,ES-2022-1779830,11/6/2022,11/11/2022,Standard Class,NC-18625,Noah Childs,Corporate,Rome,Lazio,Italy,South,FUR-FU-10001438,Furniture,Furnishings,"Rubbermaid Frame, Duo Pack",549.75,5,0,60.45
2464,ES-2022-1779830,11/6/2022,11/11/2022,Standard Class,NC-18625,Noah Childs,Corporate,Rome,Lazio,Italy,South,OFF-AR-10003633,Office Supplies,Art,"Binney & Smith Canvas, Easy-Erase",103.26,2,0,17.52
2465,ES-2022-1779830,11/6/2022,11/11/2022,Standard Class,NC-18625,Noah Childs,Corporate,Rome,Lazio,Italy,South,TEC-PH-10001708,Technology,Phones,"Cisco Audio Dock, with Caller ID",109.242,1,0.4,-32.778
2510,ES-2019-2969148,8/12/2019,8/17/2019,Standard Class,JM-15250,Janet Martin,Consumer,Parma,Emilia-Romagna,Italy,South,OFF-AP-10002568,Office Supplies,Appliances,"Hamilton Beach Toaster, Black",113.88,2,0,34.14
2511,ES-2019-2969148,8/12/2019,8/17/2019,Standard Class,JM-15250,Janet Martin,Consumer,Parma,Emilia-Romagna,Italy,South,OFF-LA-10002733,Office Supplies,Labels,"Novimex File Folder Labels, Alphabetical",32.28,4,0,4.44
2512,ES-2019-2969148,8/12/2019,8/17/2019,Standard Class,JM-15250,Janet Martin,Consumer,Parma,Emilia-Romagna,Italy,South,OFF-AR-10003658,Office Supplies,Art,"Boston Markers, Water Color",118.2,4,0,0
2513,ES-2019-2969148,8/12/2019,8/17/2019,Standard Class,JM-15250,Janet Martin,Consumer,Parma,Emilia-Romagna,Italy,South,TEC-MA-10003326,Technology,Machines,"StarTech Calculator, Durable",48.096,2,0.4,-20.064
2514,ES-2019-2969148,8/12/2019,8/17/2019,Standard Class,JM-15250,Janet Martin,Consumer,Parma,Emilia-Romagna,Italy,South,OFF-ST-10003956,Office Supplies,Storage,"Rogers Trays, Single Width",111.078,3,0.4,-61.182
2516,ES-2019-2994694,4/30/2019,5/4/2019,Standard Class,SS-20140,Saphhira Shifley,Corporate,Cesena,Emilia-Romagna,Italy,South,OFF-AR-10001759,Office Supplies,Art,"Sanford Sketch Pad, Fluorescent",93.48,2,0,43.92
2552,ES-2021-2481532,2/21/2021,2/28/2021,Standard Class,MT-18070,Michelle Tran,Home Office,Milan,Lombardy,Italy,South,FUR-FU-10000368,Furniture,Furnishings,"Deflect-O Frame, Durable",749.49,7,0,307.23
2553,ES-2021-2481532,2/21/2021,2/28/2021,Standard Class,MT-18070,Michelle Tran,Home Office,Milan,Lombardy,Italy,South,OFF-BI-10003124,Office Supplies,Binders,"Cardinal Hole Reinforcements, Durable",61.56,9,0,12.69
2554,ES-2021-2481532,2/21/2021,2/28/2021,Standard Class,MT-18070,Michelle Tran,Home Office,Milan,Lombardy,Italy,South,FUR-CH-10003033,Furniture,Chairs,"Novimex Rocking Chair, Adjustable",428.544,8,0.6,-225.216
2555,ES-2021-2481532,2/21/2021,2/28/2021,Standard Class,MT-18070,Michelle Tran,Home Office,Milan,Lombardy,Italy,South,OFF-BI-10001384,Office Supplies,Binders,"Cardinal Binder, Economy",41.49,3,0,15.3
2556,ES-2021-2481532,2/21/2021,2/28/2021,Standard Class,MT-18070,Michelle Tran,Home Office,Milan,Lombardy,Italy,South,OFF-BI-10002354,Office Supplies,Binders,"Acco Binder, Clear",73.05,5,0,24
2570,ES-2022-4358524,10/2/2022,10/6/2022,Standard Class,Dp-13240,Dean percer,Home Office,Rome,Lazio,Italy,South,OFF-FA-10003730,Office Supplies,Fasteners,"Stockwell Thumb Tacks, Bulk Pack",26.28,2,0,6.54
2571,ES-2022-4358524,10/2/2022,10/6/2022,Standard Class,Dp-13240,Dean percer,Home Office,Rome,Lazio,Italy,South,TEC-CO-10002673,Technology,Copiers,"Brother Fax and Copier, Laser",574.47,3,0,143.55
2572,ES-2022-4358524,10/2/2022,10/6/2022,Standard Class,Dp-13240,Dean percer,Home Office,Rome,Lazio,Italy,South,OFF-BI-10001820,Office Supplies,Binders,"Wilson Jones Binding Machine, Durable",252.3,5,0,4.95
2573,ES-2022-4358524,10/2/2022,10/6/2022,Standard Class,Dp-13240,Dean percer,Home Office,Rome,Lazio,Italy,South,OFF-LA-10000356,Office Supplies,Labels,"Novimex Round Labels, 5000 Label Set",46.62,7,0,21.84
2608,ES-2021-3475290,2/23/2021,2/28/2021,Standard Class,AA-10645,Anna Andreadi,Consumer,Bari,Apulia,Italy,South,OFF-AR-10000452,Office Supplies,Art,"Boston Pencil Sharpener, Fluorescent",57.9,2,0,8.1
2609,ES-2021-3475290,2/23/2021,2/28/2021,Standard Class,AA-10645,Anna Andreadi,Consumer,Bari,Apulia,Italy,South,OFF-BI-10002047,Office Supplies,Binders,"Acco Index Tab, Durable",26.82,3,0,5.85
2636,IT-2019-4259846,10/25/2019,10/29/2019,Standard Class,HW-14935,Helen Wasserman,Corporate,Ferrara,Emilia-Romagna,Italy,South,TEC-PH-10000493,Technology,Phones,"Apple Smart Phone, Full Size",382.5,1,0.4,-76.5
2638,ES-2019-5338028,12/29/2019,1/2/2020,Second Class,MH-18115,Mick Hernandez,Home Office,Turin,Piedmont,Italy,South,FUR-BO-10003541,Furniture,Bookcases,"Bush Classic Bookcase, Metal",1236.42,3,0,420.3
2639,ES-2019-5338028,12/29/2019,1/2/2020,Second Class,MH-18115,Mick Hernandez,Home Office,Turin,Piedmont,Italy,South,OFF-BI-10003899,Office Supplies,Binders,"Avery 3-Hole Punch, Recycled",197.61,7,0,0
2640,ES-2019-5338028,12/29/2019,1/2/2020,Second Class,MH-18115,Mick Hernandez,Home Office,Turin,Piedmont,Italy,South,OFF-BI-10002511,Office Supplies,Binders,"Avery 3-Hole Punch, Clear",136.65,5,0,17.7
2641,ES-2019-5338028,12/29/2019,1/2/2020,Second Class,MH-18115,Mick Hernandez,Home Office,Turin,Piedmont,Italy,South,OFF-AR-10001759,Office Supplies,Art,"Sanford Sketch Pad, Fluorescent",233.7,5,0,109.8
2646,IT-2021-3727227,12/20/2021,12/25/2021,Standard Class,PW-19030,Pauline Webber,Corporate,Reggio nell'Emilia,Emilia-Romagna,Italy,South,OFF-ST-10001460,Office Supplies,Storage,"Smead Trays, Industrial",88.128,3,0.4,-10.332
2647,IT-2021-3727227,12/20/2021,12/25/2021,Standard Class,PW-19030,Pauline Webber,Corporate,Reggio nell'Emilia,Emilia-Romagna,Italy,South,FUR-CH-10002030,Furniture,Chairs,"Office Star Swivel Stool, Red",139.152,2,0.6,-191.388
2661,IT-2022-4801093,9/13/2022,9/18/2022,Standard Class,NZ-18565,Nick Zandusky,Home Office,Milan,Lombardy,Italy,South,OFF-ST-10002622,Office Supplies,Storage,"Smead File Cart, Single Width",386.64,5,0.4,-212.76
2662,IT-2022-4801093,9/13/2022,9/18/2022,Standard Class,NZ-18565,Nick Zandusky,Home Office,Milan,Lombardy,Italy,South,OFF-PA-10001620,Office Supplies,Paper,"SanDisk Memo Slips, Recycled",50.67,3,0,20.7
2669,ES-2021-3650909,6/3/2021,6/6/2021,Second Class,QJ-19255,Quincy Jones,Corporate,Milan,Lombardy,Italy,South,OFF-BI-10004227,Office Supplies,Binders,"Avery Binding Machine, Economy",341.88,7,0,40.95
2670,ES-2021-3650909,6/3/2021,6/6/2021,Second Class,QJ-19255,Quincy Jones,Corporate,Milan,Lombardy,Italy,South,OFF-AP-10004186,Office Supplies,Appliances,"Breville Refrigerator, Black",2593.8,5,0,1141.2
2689,ES-2020-5967582,5/29/2020,6/1/2020,First Class,CK-12205,Chloris Kastensmidt,Consumer,Barletta,Apulia,Italy,South,TEC-CO-10001413,Technology,Copiers,"Hewlett Wireless Fax, High-Speed",1513.56,4,0,741.6
2729,IT-2022-2355834,6/19/2022,6/25/2022,Standard Class,BN-11470,Brad Norvell,Corporate,Rome,Lazio,Italy,South,TEC-PH-10004879,Technology,Phones,"Nokia Headset, Cordless",136.728,3,0.4,-41.022
2730,IT-2022-2355834,6/19/2022,6/25/2022,Standard Class,BN-11470,Brad Norvell,Corporate,Rome,Lazio,Italy,South,FUR-TA-10000861,Furniture,Tables,"Barricks Conference Table, with Bottom Storage",1360.62,3,0.5,-979.65
2731,ES-2022-4435694,6/11/2022,6/15/2022,Standard Class,AG-10765,Anthony Garverick,Home Office,Marsala,Sicily,Italy,South,TEC-CO-10003534,Technology,Copiers,"HP Fax and Copier, Digital",172.53,1,0,86.25
2732,ES-2022-4435694,6/11/2022,6/15/2022,Standard Class,AG-10765,Anthony Garverick,Home Office,Marsala,Sicily,Italy,South,FUR-FU-10001169,Furniture,Furnishings,"Rubbermaid Clock, Duo Pack",200.88,4,0,32.04
2733,ES-2022-4435694,6/11/2022,6/15/2022,Standard Class,AG-10765,Anthony Garverick,Home Office,Marsala,Sicily,Italy,South,FUR-FU-10000361,Furniture,Furnishings,"Eldon Stacking Tray, Duo Pack",220.92,7,0,26.46
2734,ES-2022-4435694,6/11/2022,6/15/2022,Standard Class,AG-10765,Anthony Garverick,Home Office,Marsala,Sicily,Italy,South,TEC-PH-10000270,Technology,Phones,"Apple Office Telephone, VoIP",196.11,5,0.4,-6.54
2752,ES-2020-2424030,5/16/2020,5/21/2020,Second Class,LC-17140,Logan Currie,Consumer,Milan,Lombardy,Italy,South,TEC-AC-10003487,Technology,Accessories,"Enermax Mouse, Erganomic",114.3,3,0,7.92
2753,ES-2020-2424030,5/16/2020,5/21/2020,Second Class,LC-17140,Logan Currie,Consumer,Milan,Lombardy,Italy,South,FUR-FU-10000295,Furniture,Furnishings,"Advantus Light Bulb, Black",80.28,4,0,37.68
2754,ES-2020-2424030,5/16/2020,5/21/2020,Second Class,LC-17140,Logan Currie,Consumer,Milan,Lombardy,Italy,South,OFF-PA-10004470,Office Supplies,Paper,"Green Bar Cards & Envelopes, Recycled",338.1,7,0,37.17
2788,ES-2021-4971019,6/6/2021,6/8/2021,First Class,MG-17680,Maureen Gastineau,Home Office,Monza,Lombardy,Italy,South,OFF-SU-10002451,Office Supplies,Supplies,"Elite Letter Opener, High Speed",53.4,2,0,22.38
2791,ES-2022-1855692,6/12/2022,6/18/2022,Standard Class,NS-18505,Neola Schneider,Consumer,La Spezia,Liguria,Italy,South,OFF-AR-10003651,Office Supplies,Art,"Sanford Pens, Easy-Erase",22.74,2,0,5.22
2792,ES-2022-1855692,6/12/2022,6/18/2022,Standard Class,NS-18505,Neola Schneider,Consumer,La Spezia,Liguria,Italy,South,OFF-LA-10004929,Office Supplies,Labels,"Novimex Color Coded Labels, Laser Printer Compatible",111.78,9,0,26.73
2793,ES-2022-1855692,6/12/2022,6/18/2022,Standard Class,NS-18505,Neola Schneider,Consumer,La Spezia,Liguria,Italy,South,TEC-AC-10000254,Technology,Accessories,"Enermax Flash Drive, Bluetooth",290.64,7,0,92.82
2801,ES-2022-3811628,4/15/2022,4/21/2022,Standard Class,AS-10285,Alejandro Savely,Corporate,Naples,Campania,Italy,South,OFF-PA-10000908,Office Supplies,Paper,"Xerox Note Cards, Premium",79.11,3,0,15.75
2802,ES-2022-3811628,4/15/2022,4/21/2022,Standard Class,AS-10285,Alejandro Savely,Corporate,Naples,Campania,Italy,South,FUR-FU-10001132,Furniture,Furnishings,"Deflect-O Frame, Erganomic",651.96,6,0,12.96
2803,ES-2022-3811628,4/15/2022,4/21/2022,Standard Class,AS-10285,Alejandro Savely,Corporate,Naples,Campania,Italy,South,OFF-ST-10003455,Office Supplies,Storage,"Fellowes Lockers, Blue",497.592,4,0.4,-116.208
2804,ES-2022-3811628,4/15/2022,4/21/2022,Standard Class,AS-10285,Alejandro Savely,Corporate,Naples,Campania,Italy,South,FUR-FU-10004236,Furniture,Furnishings,"Deflect-O Light Bulb, Black",113.94,6,0,40.86
2810,ES-2021-5507103,2/9/2021,2/14/2021,Standard Class,GH-14410,Gary Hansen,Home Office,Bergamo,Lombardy,Italy,South,OFF-SU-10001879,Office Supplies,Supplies,"Acme Trimmer, High Speed",178.32,4,0,51.6
2811,ES-2021-5507103,2/9/2021,2/14/2021,Standard Class,GH-14410,Gary Hansen,Home Office,Bergamo,Lombardy,Italy,South,OFF-BI-10001621,Office Supplies,Binders,"Cardinal Binding Machine, Economy",99.54,2,0,27.84
2812,ES-2021-5507103,2/9/2021,2/14/2021,Standard Class,GH-14410,Gary Hansen,Home Office,Bergamo,Lombardy,Italy,South,FUR-FU-10001890,Furniture,Furnishings,"Eldon Clock, Durable",107.1,2,0,32.1
2813,ES-2019-5265774,9/14/2019,9/14/2019,Same Day,AF-10885,Art Foster,Consumer,Brindisi,Apulia,Italy,South,OFF-AR-10001418,Office Supplies,Art,"BIC Markers, Easy-Erase",133.5,5,0,37.35
2814,ES-2019-5265774,9/14/2019,9/14/2019,Same Day,AF-10885,Art Foster,Consumer,Brindisi,Apulia,Italy,South,OFF-BI-10001568,Office Supplies,Binders,"Ibico Binder Covers, Economy",27.3,2,0,3.78
2815,ES-2020-3161067,12/15/2020,12/18/2020,Second Class,CS-11860,Cari Schnelling,Consumer,Reggio nell'Emilia,Emilia-Romagna,Italy,South,OFF-AR-10001777,Office Supplies,Art,"Binney & Smith Sketch Pad, Water Color",198,4,0,65.28
2823,ES-2020-2077845,1/26/2020,1/29/2020,First Class,HE-14800,Harold Engle,Corporate,Ferrara,Emilia-Romagna,Italy,South,OFF-BI-10001900,Office Supplies,Binders,"Wilson Jones Binder Covers, Clear",31.95,3,0,7.92
2826,IT-2022-1332770,4/28/2022,5/2/2022,Standard Class,DV-13045,Darrin Van Huff,Corporate,Palermo,Sicily,Italy,South,OFF-SU-10004283,Office Supplies,Supplies,"Elite Shears, Steel",139.23,3,0,65.43
2864,ES-2022-5860410,8/21/2022,8/24/2022,First Class,MS-17770,Maxwell Schwartz,Consumer,Rome,Lazio,Italy,South,OFF-AR-10001418,Office Supplies,Art,"BIC Markers, Easy-Erase",80.1,3,0,22.41
2865,ES-2022-1564471,9/10/2022,9/15/2022,Standard Class,SW-20455,Shaun Weien,Consumer,Bologna,Emilia-Romagna,Italy,South,OFF-LA-10002752,Office Supplies,Labels,"Smead Legal Exhibit Labels, 5000 Label Set",11.49,1,0,2.16
2866,ES-2022-1564471,9/10/2022,9/15/2022,Standard Class,SW-20455,Shaun Weien,Consumer,Bologna,Emilia-Romagna,Italy,South,TEC-AC-10002363,Technology,Accessories,"Logitech Keyboard, USB",217.98,3,0,45.72
2933,ES-2022-2411166,9/4/2022,9/8/2022,Standard Class,BG-11035,Barry Gonzalez,Consumer,Pescara,Abruzzi,Italy,South,OFF-PA-10003416,Office Supplies,Paper,"Enermax Note Cards, Multicolor",293.76,9,0,61.56
2934,ES-2022-2411166,9/4/2022,9/8/2022,Standard Class,BG-11035,Barry Gonzalez,Consumer,Pescara,Abruzzi,Italy,South,FUR-BO-10004630,Furniture,Bookcases,"Ikea Library with Doors, Mobile",2927.28,8,0,146.16
2935,ES-2022-2411166,9/4/2022,9/8/2022,Standard Class,BG-11035,Barry Gonzalez,Consumer,Pescara,Abruzzi,Italy,South,TEC-PH-10004992,Technology,Phones,"Apple Office Telephone, Full Size",199.71,5,0.4,13.26
2937,ES-2019-4184901,8/31/2019,9/2/2019,Second Class,AB-10015,Aaron Bergman,Consumer,Vicenza,Veneto,Italy,South,FUR-FU-10000039,Furniture,Furnishings,"Tenex Light Bulb, Duo Pack",75.96,4,0,9
2938,ES-2019-4184901,8/31/2019,9/2/2019,Second Class,AB-10015,Aaron Bergman,Consumer,Vicenza,Veneto,Italy,South,OFF-SU-10002451,Office Supplies,Supplies,"Elite Letter Opener, High Speed",80.1,3,0,33.57
2962,ES-2020-2334661,10/18/2020,10/22/2020,Standard Class,CC-12550,Clay Cheatham,Consumer,Cagliari,Sardinia,Italy,South,OFF-FA-10002264,Office Supplies,Fasteners,"Advantus Rubber Bands, Assorted Sizes",28.08,2,0,6.12
2963,ES-2020-2334661,10/18/2020,10/22/2020,Standard Class,CC-12550,Clay Cheatham,Consumer,Cagliari,Sardinia,Italy,South,FUR-FU-10000620,Furniture,Furnishings,"Advantus Clock, Black",102.78,2,0,29.76
2989,ES-2022-2677615,7/4/2022,7/4/2022,Same Day,GP-14740,Guy Phonely,Corporate,Rome,Lazio,Italy,South,OFF-BI-10002193,Office Supplies,Binders,"Wilson Jones Hole Reinforcements, Recycled",9.78,2,0,2.34
2994,ES-2021-3051016,6/18/2021,6/22/2021,Standard Class,JC-16105,Julie Creighton,Corporate,Cesena,Emilia-Romagna,Italy,South,OFF-FA-10004754,Office Supplies,Fasteners,"Advantus Rubber Bands, 12 Pack",48.06,3,0,12.96
3000,ES-2019-1537002,12/23/2019,12/25/2019,Second Class,LW-16990,Lindsay Williams,Corporate,Turin,Piedmont,Italy,South,OFF-BI-10001568,Office Supplies,Binders,"Ibico Binder Covers, Economy",136.5,10,0,18.9
3001,ES-2019-1537002,12/23/2019,12/25/2019,Second Class,LW-16990,Lindsay Williams,Corporate,Turin,Piedmont,Italy,South,OFF-LA-10004007,Office Supplies,Labels,"Harbour Creations Color Coded Labels, Adjustable",32.4,3,0,4.5
3002,ES-2019-1537002,12/23/2019,12/25/2019,Second Class,LW-16990,Lindsay Williams,Corporate,Turin,Piedmont,Italy,South,OFF-AR-10001291,Office Supplies,Art,"Sanford Canvas, Fluorescent",155.34,3,0,57.42
3003,ES-2021-1244276,12/20/2021,12/23/2021,First Class,JH-15820,John Huston,Consumer,Turin,Piedmont,Italy,South,OFF-AR-10001533,Office Supplies,Art,"Sanford Sketch Pad, Easy-Erase",137.25,3,0,63.09
3004,ES-2021-1244276,12/20/2021,12/23/2021,First Class,JH-15820,John Huston,Consumer,Turin,Piedmont,Italy,South,OFF-SU-10003252,Office Supplies,Supplies,"Fiskars Trimmer, Steel",125.1,3,0,14.94
3005,ES-2021-1244276,12/20/2021,12/23/2021,First Class,JH-15820,John Huston,Consumer,Turin,Piedmont,Italy,South,FUR-BO-10003779,Furniture,Bookcases,"Ikea Library with Doors, Traditional",1816.95,5,0,799.35
3019,IT-2020-3999113,12/23/2020,12/28/2020,Standard Class,GB-14530,George Bell,Corporate,Milan,Lombardy,Italy,South,TEC-MA-10004693,Technology,Machines,"Panasonic Calculator, White",58.428,2,0.4,-6.852
3020,IT-2020-3999113,12/23/2020,12/28/2020,Standard Class,GB-14530,George Bell,Corporate,Milan,Lombardy,Italy,South,OFF-AR-10002902,Office Supplies,Art,"Sanford Canvas, Water Color",214.8,4,0,0
3021,IT-2020-3999113,12/23/2020,12/28/2020,Standard Class,GB-14530,George Bell,Corporate,Milan,Lombardy,Italy,South,OFF-ST-10001554,Office Supplies,Storage,"Tenex File Cart, Industrial",160.956,2,0.4,-56.364
3022,IT-2020-3999113,12/23/2020,12/28/2020,Standard Class,GB-14530,George Bell,Corporate,Milan,Lombardy,Italy,South,OFF-AR-10003117,Office Supplies,Art,"BIC Pencil Sharpener, Blue",29.01,1,0,11.88
3025,ES-2019-2776937,4/30/2019,5/4/2019,Standard Class,CM-12115,Chad McGuire,Consumer,Siena,Tuscany,Italy,South,OFF-BI-10003616,Office Supplies,Binders,"Avery Binding Machine, Clear",144.9,3,0,17.37
3075,IT-2022-5237848,12/4/2022,12/6/2022,Second Class,FO-14305,Frank Olsen,Consumer,Reggio nell'Emilia,Emilia-Romagna,Italy,South,FUR-CH-10003848,Furniture,Chairs,"Office Star Rocking Chair, Adjustable",172.08,3,0.6,-103.32
3076,IT-2022-5237848,12/4/2022,12/6/2022,Second Class,FO-14305,Frank Olsen,Consumer,Reggio nell'Emilia,Emilia-Romagna,Italy,South,OFF-SU-10003951,Office Supplies,Supplies,"Elite Shears, Easy Grip",48.63,1,0,2.91
3088,IT-2021-3869215,11/11/2021,11/13/2021,Second Class,LS-17200,Luke Schmidt,Corporate,Caserta,Campania,Italy,South,OFF-ST-10003785,Office Supplies,Storage,"Eldon Lockers, Blue",237.492,2,0.4,-118.788
3089,ES-2022-5265462,11/7/2022,11/11/2022,Standard Class,MH-17455,Mark Hamilton,Consumer,Novara,Piedmont,Italy,South,OFF-PA-10003510,Office Supplies,Paper,"Enermax Message Books, Recycled",201.69,9,0,88.56
3108,ES-2022-3240614,9/16/2022,9/20/2022,Second Class,BB-10990,Barry Blumstein,Corporate,Piacenza,Emilia-Romagna,Italy,South,OFF-AR-10004492,Office Supplies,Art,"BIC Canvas, Blue",107.4,2,0,8.58
3112,ES-2022-4963892,5/13/2022,5/16/2022,First Class,JC-15385,Jenna Caffey,Consumer,Altamura,Apulia,Italy,South,OFF-EN-10000673,Office Supplies,Envelopes,"Cameo Business Envelopes, Recycled",94.5,6,0,42.48
3127,ES-2020-1128541,6/26/2020,7/2/2020,Standard Class,ME-17320,Maria Etezadi,Home Office,Pesaro,Marche,Italy,South,OFF-ST-10001426,Office Supplies,Storage,"Eldon Folders, Single Width",30.618,3,0.4,3.528
3128,ES-2020-1128541,6/26/2020,7/2/2020,Standard Class,ME-17320,Maria Etezadi,Home Office,Pesaro,Marche,Italy,South,OFF-BI-10001643,Office Supplies,Binders,"Acco Binder, Recycled",124.08,8,0,3.6
3129,ES-2020-1128541,6/26/2020,7/2/2020,Standard Class,ME-17320,Maria Etezadi,Home Office,Pesaro,Marche,Italy,South,OFF-EN-10004571,Office Supplies,Envelopes,"Ames Peel and Seal, with clear poly window",88.92,4,0,40.8
3130,ES-2020-1128541,6/26/2020,7/2/2020,Standard Class,ME-17320,Maria Etezadi,Home Office,Pesaro,Marche,Italy,South,OFF-AR-10001607,Office Supplies,Art,"Stanley Pencil Sharpener, Water Color",111.84,4,0,4.44
3131,ES-2020-1128541,6/26/2020,7/2/2020,Standard Class,ME-17320,Maria Etezadi,Home Office,Pesaro,Marche,Italy,South,OFF-FA-10004734,Office Supplies,Fasteners,"Advantus Rubber Bands, Bulk Pack",16.59,1,0,5.46
3134,ES-2022-2810919,12/2/2022,12/8/2022,Standard Class,SC-20680,Steve Carroll,Home Office,Torre del Greco,Campania,Italy,South,OFF-PA-10001650,Office Supplies,Paper,"Xerox Message Books, Premium",40.74,2,0,18.72
3174,ES-2021-4522703,3/11/2021,3/15/2021,Standard Class,WB-21850,William Brown,Consumer,Catania,Sicily,Italy,South,OFF-AR-10002485,Office Supplies,Art,"Boston Markers, Easy-Erase",106.56,4,0,9.48
3192,ES-2022-5916291,6/9/2022,6/12/2022,Second Class,AR-10825,Anthony Rawles,Corporate,Pesaro,Marche,Italy,South,OFF-PA-10000850,Office Supplies,Paper,"SanDisk Parchment Paper, Multicolor",90.6,5,0,18
3193,ES-2022-5916291,6/9/2022,6/12/2022,Second Class,AR-10825,Anthony Rawles,Corporate,Pesaro,Marche,Italy,South,OFF-AP-10000258,Office Supplies,Appliances,"Hamilton Beach Blender, Black",276.72,4,0,8.28
3194,ES-2022-5916291,6/9/2022,6/12/2022,Second Class,AR-10825,Anthony Rawles,Corporate,Pesaro,Marche,Italy,South,OFF-AR-10002816,Office Supplies,Art,"Boston Canvas, Blue",268.2,5,0,67.05
3195,ES-2022-5916291,6/9/2022,6/12/2022,Second Class,AR-10825,Anthony Rawles,Corporate,Pesaro,Marche,Italy,South,OFF-AR-10002156,Office Supplies,Art,"Stanley Highlighters, Blue",44.1,3,0,8.82
3196,ES-2021-5800327,3/28/2021,3/30/2021,Second Class,CY-12745,Craig Yedwab,Corporate,Trapani,Sicily,Italy,South,TEC-AC-10000827,Technology,Accessories,"SanDisk Keyboard, Programmable",331.92,4,0,53.04
3197,ES-2021-5800327,3/28/2021,3/30/2021,Second Class,CY-12745,Craig Yedwab,Corporate,Trapani,Sicily,Italy,South,OFF-EN-10000648,Office Supplies,Envelopes,"Jiffy Peel and Seal, with clear poly window",141.3,6,0,26.82
3215,ES-2022-4531898,9/25/2022,9/30/2022,Standard Class,BD-11620,Brian DeCherney,Consumer,Rome,Lazio,Italy,South,OFF-SU-10002900,Office Supplies,Supplies,"Kleencut Trimmer, Easy Grip",129.15,3,0,30.96
3240,IT-2022-1534186,8/2/2022,8/8/2022,Standard Class,VG-21790,Vivek Gonzalez,Consumer,Bari,Apulia,Italy,South,TEC-PH-10003713,Technology,Phones,"Cisco Audio Dock, Cordless",443.808,4,0.4,-199.752
3241,IT-2022-1534186,8/2/2022,8/8/2022,Standard Class,VG-21790,Vivek Gonzalez,Consumer,Bari,Apulia,Italy,South,TEC-CO-10003124,Technology,Copiers,"Canon Ink, Laser",294.3,2,0,138.3
3242,IT-2022-1534186,8/2/2022,8/8/2022,Standard Class,VG-21790,Vivek Gonzalez,Consumer,Bari,Apulia,Italy,South,TEC-PH-10002623,Technology,Phones,"Cisco Smart Phone, with Caller ID",785.088,2,0.4,52.308
3248,ES-2022-4030649,9/4/2022,9/6/2022,Second Class,SV-20815,Stuart Van,Corporate,Ravenna,Emilia-Romagna,Italy,South,OFF-BI-10001138,Office Supplies,Binders,"Acco 3-Hole Punch, Clear",88.74,3,0,15.03
3249,ES-2022-4030649,9/4/2022,9/6/2022,Second Class,SV-20815,Stuart Van,Corporate,Ravenna,Emilia-Romagna,Italy,South,OFF-ST-10003785,Office Supplies,Storage,"Eldon Lockers, Blue",237.492,2,0.4,-118.788
3262,ES-2022-5298444,2/27/2022,3/4/2022,Standard Class,HA-14905,Helen Abelman,Consumer,Naples,Campania,Italy,South,TEC-CO-10001162,Technology,Copiers,"Canon Wireless Fax, Laser",757.32,2,0,371.04
3315,IT-2020-3761235,3/24/2020,3/29/2020,Standard Class,AA-10375,Allen Armold,Consumer,Sesto San Giovanni,Lombardy,Italy,South,TEC-PH-10000292,Technology,Phones,"Samsung Office Telephone, Full Size",159.624,4,0.4,-29.376
3317,ES-2022-3846644,9/22/2022,9/25/2022,First Class,MH-18025,Michelle Huthwaite,Consumer,Acireale,Sicily,Italy,South,OFF-PA-10001661,Office Supplies,Paper,"SanDisk Computer Printout Paper, 8.5 x 11",67.86,2,0,7.44
3325,ES-2021-4031061,11/18/2021,11/21/2021,First Class,DV-13465,Dianna Vittorini,Consumer,Benevento,Campania,Italy,South,OFF-AR-10000711,Office Supplies,Art,"BIC Pens, Easy-Erase",29.1,2,0,6.36
3326,ES-2021-4031061,11/18/2021,11/21/2021,First Class,DV-13465,Dianna Vittorini,Consumer,Benevento,Campania,Italy,South,OFF-SU-10001813,Office Supplies,Supplies,"Kleencut Ruler, Easy Grip",75.9,5,0,1.5
3331,ES-2021-5379148,10/3/2021,10/9/2021,Standard Class,BP-11155,Becky Pak,Consumer,Genoa,Liguria,Italy,South,OFF-LA-10004007,Office Supplies,Labels,"Harbour Creations Color Coded Labels, Adjustable",75.6,7,0,10.5
3332,ES-2021-5379148,10/3/2021,10/9/2021,Standard Class,BP-11155,Becky Pak,Consumer,Genoa,Liguria,Italy,South,OFF-AR-10000502,Office Supplies,Art,"BIC Highlighters, Easy-Erase",153.6,8,0,35.28
3339,ES-2022-1559544,8/21/2022,8/25/2022,Standard Class,DP-13105,Dave Poirier,Corporate,Ragusa,Sicily,Italy,South,OFF-BI-10001833,Office Supplies,Binders,"Ibico Hole Reinforcements, Recycled",22.05,3,0,6.75
3380,ES-2022-5375927,1/11/2022,1/18/2022,Standard Class,SB-20185,Sarah Brown,Consumer,Asti,Piedmont,Italy,South,OFF-AP-10001298,Office Supplies,Appliances,"Breville Stove, Black",2243.88,4,0,246.72
3436,IT-2022-3149554,6/12/2022,6/13/2022,First Class,DM-13015,Darrin Martin,Consumer,San Severo,Apulia,Italy,South,TEC-MA-10000461,Technology,Machines,"Epson Inkjet, Wireless",925.02,5,0.4,-447.18
3472,ES-2021-4434786,8/27/2021,8/30/2021,Second Class,CK-12325,Christine Kargatis,Home Office,Bergamo,Lombardy,Italy,South,OFF-AR-10000785,Office Supplies,Art,"BIC Sketch Pad, Water Color",155.52,3,0,23.31
3473,ES-2021-4434786,8/27/2021,8/30/2021,Second Class,CK-12325,Christine Kargatis,Home Office,Bergamo,Lombardy,Italy,South,OFF-ST-10004317,Office Supplies,Storage,"Smead Folders, Blue",31.482,3,0.4,-14.778
3503,ES-2021-5827942,4/2/2021,4/7/2021,Standard Class,PT-19090,Pete Takahito,Consumer,Monza,Lombardy,Italy,South,FUR-FU-10004527,Furniture,Furnishings,"Advantus Frame, Duo Pack",444.72,4,0,208.92
3504,ES-2021-5827942,4/2/2021,4/7/2021,Standard Class,PT-19090,Pete Takahito,Consumer,Monza,Lombardy,Italy,South,TEC-PH-10002565,Technology,Phones,"Apple Audio Dock, with Caller ID",300.402,3,0.4,-125.208
3505,ES-2021-5827942,4/2/2021,4/7/2021,Standard Class,PT-19090,Pete Takahito,Consumer,Monza,Lombardy,Italy,South,OFF-FA-10001577,Office Supplies,Fasteners,"Stockwell Staples, Bulk Pack",32.4,3,0,4.86
3539,IT-2020-5228062,12/21/2020,12/26/2020,Second Class,EH-13945,Eric Hoffmann,Consumer,Portici,Campania,Italy,South,OFF-LA-10000134,Office Supplies,Labels,"Harbour Creations Removable Labels, 5000 Label Set",20.7,2,0,7.44
3540,IT-2020-5228062,12/21/2020,12/26/2020,Second Class,EH-13945,Eric Hoffmann,Consumer,Portici,Campania,Italy,South,OFF-ST-10000085,Office Supplies,Storage,"Rogers File Cart, Single Width",426.24,5,0.4,-170.61
3541,IT-2020-5228062,12/21/2020,12/26/2020,Second Class,EH-13945,Eric Hoffmann,Consumer,Portici,Campania,Italy,South,FUR-BO-10001405,Furniture,Bookcases,"Bush Stackable Bookrack, Pine",874.02,7,0,340.83
3556,IT-2019-2889545,2/23/2019,2/28/2019,Standard Class,GD-14590,Giulietta Dortch,Corporate,Rome,Lazio,Italy,South,FUR-CH-10000214,Furniture,Chairs,"Harbour Creations Bag Chairs, Black",47.352,2,0.6,-60.408
3558,ES-2022-3848533,3/8/2022,3/14/2022,Standard Class,JH-16180,Justin Hirsh,Consumer,Turin,Piedmont,Italy,South,OFF-AP-10000486,Office Supplies,Appliances,"Cuisinart Stove, Silver",1078.08,2,0,323.4
3559,ES-2022-3848533,3/8/2022,3/14/2022,Standard Class,JH-16180,Justin Hirsh,Consumer,Turin,Piedmont,Italy,South,TEC-CO-10004169,Technology,Copiers,"HP Ink, Digital",385.02,3,0,50.04
3573,ES-2020-3482924,9/8/2020,9/13/2020,Standard Class,JB-16045,Julia Barnett,Home Office,Genoa,Liguria,Italy,South,OFF-AR-10004986,Office Supplies,Art,"Boston Pens, Easy-Erase",14.49,1,0,4.77
3641,ES-2021-3420934,5/6/2021,5/9/2021,First Class,DP-13390,Dennis Pardue,Home Office,Ancona,Marche,Italy,South,OFF-SU-10004279,Office Supplies,Supplies,"Kleencut Shears, Serrated",86.94,2,0,4.32
3642,ES-2021-3420934,5/6/2021,5/9/2021,First Class,DP-13390,Dennis Pardue,Home Office,Ancona,Marche,Italy,South,TEC-CO-10003534,Technology,Copiers,"HP Fax and Copier, Digital",172.53,1,0,86.25
3643,ES-2021-3420934,5/6/2021,5/9/2021,First Class,DP-13390,Dennis Pardue,Home Office,Ancona,Marche,Italy,South,OFF-BI-10004628,Office Supplies,Binders,"Cardinal Binder, Durable",30.66,2,0,1.5
3644,ES-2021-3420934,5/6/2021,5/9/2021,First Class,DP-13390,Dennis Pardue,Home Office,Ancona,Marche,Italy,South,OFF-AP-10001568,Office Supplies,Appliances,"Hamilton Beach Toaster, Silver",116.52,2,0,51.24
3645,ES-2021-1213583,5/15/2021,5/20/2021,Standard Class,JM-15865,John Murray,Consumer,Milan,Lombardy,Italy,South,OFF-BI-10001622,Office Supplies,Binders,"Acco 3-Hole Punch, Durable",347.82,11,0,142.56
3671,ES-2020-5183060,9/18/2020,9/20/2020,First Class,CC-12670,Craig Carreira,Consumer,Florence,Tuscany,Italy,South,OFF-AR-10002852,Office Supplies,Art,"Stanley Pens, Fluorescent",33.93,3,0,2.97
3672,ES-2020-5183060,9/18/2020,9/20/2020,First Class,CC-12670,Craig Carreira,Consumer,Florence,Tuscany,Italy,South,OFF-BI-10000115,Office Supplies,Binders,"Acco Hole Reinforcements, Clear",12.24,2,0,0.48
3673,ES-2020-5183060,9/18/2020,9/20/2020,First Class,CC-12670,Craig Carreira,Consumer,Florence,Tuscany,Italy,South,TEC-MA-10004534,Technology,Machines,"Konica Printer, Wireless",803.52,5,0.4,-495.63
3708,ES-2020-3386035,9/17/2020,9/24/2020,Standard Class,JG-15805,John Grady,Corporate,Rome,Lazio,Italy,South,TEC-AC-10001904,Technology,Accessories,"Logitech Mouse, Bluetooth",175.68,6,0,79.02
3709,ES-2020-3386035,9/17/2020,9/24/2020,Standard Class,JG-15805,John Grady,Corporate,Rome,Lazio,Italy,South,OFF-BI-10003650,Office Supplies,Binders,"Ibico Index Tab, Clear",35.64,4,0,6.36
3718,ES-2022-2991554,5/15/2022,5/19/2022,Standard Class,JC-16105,Julie Creighton,Corporate,Alessandria,Piedmont,Italy,South,TEC-MA-10002149,Technology,Machines,"Panasonic Receipt Printer, Durable",72.612,1,0.4,4.812
3719,ES-2022-2991554,5/15/2022,5/19/2022,Standard Class,JC-16105,Julie Creighton,Corporate,Alessandria,Piedmont,Italy,South,OFF-AR-10001720,Office Supplies,Art,"Stanley Canvas, Blue",148.41,3,0,23.67
3723,ES-2020-5522696,5/15/2020,5/18/2020,First Class,PO-18850,Patrick O'Brill,Consumer,Cremona,Lombardy,Italy,South,TEC-AC-10004883,Technology,Accessories,"Enermax Keyboard, Programmable",169.92,2,0,73.02
3724,ES-2020-5522696,5/15/2020,5/18/2020,First Class,PO-18850,Patrick O'Brill,Consumer,Cremona,Lombardy,Italy,South,OFF-BI-10004903,Office Supplies,Binders,"Ibico Hole Reinforcements, Durable",42.45,5,0,11.85
3725,ES-2020-5522696,5/15/2020,5/18/2020,First Class,PO-18850,Patrick O'Brill,Consumer,Cremona,Lombardy,Italy,South,OFF-AR-10000594,Office Supplies,Art,"Binney & Smith Highlighters, Water Color",98.85,5,0,41.4
3750,ES-2021-1500187,8/30/2021,9/1/2021,First Class,MP-18175,Mike Pelletier,Home Office,Prato,Tuscany,Italy,South,OFF-AR-10000110,Office Supplies,Art,"Binney & Smith Sketch Pad, Blue",92.64,2,0,24.06
3751,ES-2021-1500187,8/30/2021,9/1/2021,First Class,MP-18175,Mike Pelletier,Home Office,Prato,Tuscany,Italy,South,OFF-ST-10000127,Office Supplies,Storage,"Fellowes Shelving, Wire Frame",34.146,1,0.4,0.546
3763,ES-2022-2045351,5/22/2022,5/28/2022,Standard Class,AI-10855,Arianne Irving,Consumer,Guidonia Montecelio,Lazio,Italy,South,OFF-PA-10004589,Office Supplies,Paper,"Green Bar Computer Printout Paper, Multicolor",155.85,5,0,35.7
3788,ES-2020-2224678,8/4/2020,8/8/2020,Standard Class,CM-12115,Chad McGuire,Consumer,Rovigo,Veneto,Italy,South,FUR-FU-10003500,Furniture,Furnishings,"Rubbermaid Photo Frame, Duo Pack",259.05,5,0,93.15
3789,ES-2020-2224678,8/4/2020,8/8/2020,Standard Class,CM-12115,Chad McGuire,Consumer,Rovigo,Veneto,Italy,South,FUR-BO-10002936,Furniture,Bookcases,"Ikea Stackable Bookrack, Pine",371.79,3,0,185.85
3790,ES-2020-2224678,8/4/2020,8/8/2020,Standard Class,CM-12115,Chad McGuire,Consumer,Rovigo,Veneto,Italy,South,TEC-CO-10004563,Technology,Copiers,"HP Copy Machine, Color",1715.91,7,0,583.38
3791,ES-2020-2224678,8/4/2020,8/8/2020,Standard Class,CM-12115,Chad McGuire,Consumer,Rovigo,Veneto,Italy,South,OFF-AP-10004869,Office Supplies,Appliances,"KitchenAid Toaster, White",667.68,8,0,266.88
3793,ES-2022-5283796,10/28/2022,11/1/2022,Standard Class,DW-13585,Dorothy Wardle,Corporate,Arezzo,Tuscany,Italy,South,OFF-BI-10004644,Office Supplies,Binders,"Cardinal Index Tab, Durable",7.62,1,0,3.42
3794,ES-2022-5283796,10/28/2022,11/1/2022,Standard Class,DW-13585,Dorothy Wardle,Corporate,Arezzo,Tuscany,Italy,South,OFF-FA-10004824,Office Supplies,Fasteners,"Stockwell Rubber Bands, Bulk Pack",64.56,4,0,10.92
3810,ES-2021-1510295,6/20/2021,6/23/2021,First Class,CD-11920,Carlos Daly,Consumer,Rome,Lazio,Italy,South,OFF-AR-10000711,Office Supplies,Art,"BIC Pens, Easy-Erase",101.85,7,0,22.26
3827,IT-2022-2152908,1/23/2022,1/23/2022,Same Day,RE-19450,Richard Eichhorn,Consumer,Chieti,Abruzzi,Italy,South,FUR-FU-10000718,Furniture,Furnishings,"Tenex Stacking Tray, Erganomic",190.8,8,0,13.2
3840,IT-2021-5153136,9/2/2021,9/4/2021,First Class,BT-11485,Brad Thomas,Home Office,Milan,Lombardy,Italy,South,TEC-MA-10001825,Technology,Machines,"Epson Calculator, Durable",83.754,3,0.4,-18.216
3841,IT-2021-5153136,9/2/2021,9/4/2021,First Class,BT-11485,Brad Thomas,Home Office,Milan,Lombardy,Italy,South,OFF-ST-10002900,Office Supplies,Storage,"Smead Lockers, Wire Frame",473.976,4,0.4,-244.944
3870,ES-2019-4862124,12/22/2019,12/23/2019,First Class,CA-11965,Carol Adams,Corporate,Carrara,Tuscany,Italy,South,OFF-AR-10001606,Office Supplies,Art,"BIC Highlighters, Fluorescent",40.38,2,0,13.32
3909,ES-2019-3360339,12/27/2019,1/2/2020,Standard Class,AA-10645,Anna Andreadi,Consumer,Naples,Campania,Italy,South,OFF-LA-10004132,Office Supplies,Labels,"Smead Color Coded Labels, Alphabetical",12.87,1,0,5.4
3913,ES-2022-3715669,9/10/2022,9/15/2022,Second Class,TB-21520,Tracy Blumstein,Consumer,Brescia,Lombardy,Italy,South,OFF-BI-10001808,Office Supplies,Binders,"Cardinal Binding Machine, Clear",98.46,2,0,39.36
3930,ES-2020-1295099,11/29/2020,12/5/2020,Standard Class,MW-18220,Mitch Webber,Consumer,Turin,Piedmont,Italy,South,OFF-LA-10004122,Office Supplies,Labels,"Avery Color Coded Labels, Laser Printer Compatible",53.16,4,0,9.48
3943,IT-2020-2892113,11/6/2020,11/9/2020,First Class,DL-13330,Denise Leinenbach,Consumer,Potenza,Basilicata,Italy,South,FUR-CH-10000667,Furniture,Chairs,"Novimex Chairmat, Black",86.256,4,0.6,-81.984
3950,ES-2022-1667007,11/3/2022,11/7/2022,Standard Class,DM-13525,Don Miller,Corporate,Grosseto,Tuscany,Italy,South,OFF-EN-10003448,Office Supplies,Envelopes,"Cameo Clasp Envelope, Set of 50",28.53,3,0,2.25
3952,ES-2020-3099065,4/4/2020,4/10/2020,Standard Class,PF-19120,Peter Fuller,Consumer,Cesena,Emilia-Romagna,Italy,South,OFF-ST-10001999,Office Supplies,Storage,"Tenex Folders, Wire Frame",80.244,6,0.4,10.584
3970,ES-2020-3263566,4/24/2020,4/26/2020,First Class,BE-11335,Bill Eplett,Home Office,Bitonto,Apulia,Italy,South,OFF-BI-10003774,Office Supplies,Binders,"Cardinal 3-Hole Punch, Durable",60.6,2,0,27.84
4000,IT-2021-1582139,6/26/2021,7/1/2021,Second Class,JM-15535,Jessica Myrick,Consumer,Prato,Tuscany,Italy,South,TEC-MA-10000002,Technology,Machines,"Epson Card Printer, Durable",204.084,2,0.4,-20.436
4001,IT-2021-1582139,6/26/2021,7/1/2021,Second Class,JM-15535,Jessica Myrick,Consumer,Prato,Tuscany,Italy,South,OFF-AR-10000584,Office Supplies,Art,"Sanford Pencil Sharpener, Water Color",29.01,1,0,3.18
4017,ES-2021-1525878,11/4/2021,11/6/2021,Second Class,LT-16765,Larry Tron,Consumer,Rome,Lazio,Italy,South,OFF-AP-10002321,Office Supplies,Appliances,"Hoover Microwave, Silver",1856.34,6,0,909.54
4018,ES-2021-1525878,11/4/2021,11/6/2021,Second Class,LT-16765,Larry Tron,Consumer,Rome,Lazio,Italy,South,OFF-EN-10003785,Office Supplies,Envelopes,"GlobeWeis Mailers, Set of 50",77.1,2,0,0.72
4027,ES-2022-4433380,1/22/2022,1/25/2022,First Class,HG-15025,Hunter Glantz,Consumer,Rome,Lazio,Italy,South,OFF-ST-10002659,Office Supplies,Storage,"Smead Shelving, Wire Frame",86.4,3,0.4,8.64
4030,ES-2019-4228024,10/7/2019,10/11/2019,Standard Class,MP-18175,Mike Pelletier,Home Office,Pomezia,Lazio,Italy,South,FUR-CH-10001802,Furniture,Chairs,"Novimex Rocking Chair, Black",258,5,0.6,-309.6
4034,ES-2020-4346320,8/10/2020,8/14/2020,Standard Class,RA-19945,Ryan Akin,Consumer,Rimini,Emilia-Romagna,Italy,South,OFF-PA-10000827,Office Supplies,Paper,"Enermax Message Books, 8.5 x 11",53.28,2,0,12.24
4035,ES-2020-4346320,8/10/2020,8/14/2020,Standard Class,RA-19945,Ryan Akin,Consumer,Rimini,Emilia-Romagna,Italy,South,OFF-SU-10002094,Office Supplies,Supplies,"Acme Letter Opener, Steel",88.83,3,0,36.36
4051,ES-2020-5016521,8/30/2020,9/4/2020,Standard Class,DO-13435,Denny Ordway,Consumer,Capua,Campania,Italy,South,TEC-AC-10004508,Technology,Accessories,"SanDisk Numeric Keypad, Bluetooth",221.4,4,0,35.4
4052,ES-2020-5016521,8/30/2020,9/4/2020,Standard Class,DO-13435,Denny Ordway,Consumer,Capua,Campania,Italy,South,OFF-LA-10001299,Office Supplies,Labels,"Avery File Folder Labels, Adjustable",14.04,2,0,5.04
4053,ES-2020-5016521,8/30/2020,9/4/2020,Standard Class,DO-13435,Denny Ordway,Consumer,Capua,Campania,Italy,South,TEC-AC-10002289,Technology,Accessories,"SanDisk Numeric Keypad, Erganomic",284.25,5,0,48.3
4054,ES-2020-5016521,8/30/2020,9/4/2020,Standard Class,DO-13435,Denny Ordway,Consumer,Capua,Campania,Italy,South,TEC-CO-10004664,Technology,Copiers,"Hewlett Personal Copier, Color",1165.68,8,0,58.08
4055,ES-2020-5016521,8/30/2020,9/4/2020,Standard Class,DO-13435,Denny Ordway,Consumer,Capua,Campania,Italy,South,OFF-ST-10001974,Office Supplies,Storage,"Rogers File Cart, Industrial",254.88,3,0.4,-97.74
4056,ES-2020-5016521,8/30/2020,9/4/2020,Standard Class,DO-13435,Denny Ordway,Consumer,Capua,Campania,Italy,South,OFF-ST-10000922,Office Supplies,Storage,"Eldon File Cart, Blue",152.352,2,0.4,-96.528
4057,ES-2020-5016521,8/30/2020,9/4/2020,Standard Class,DO-13435,Denny Ordway,Consumer,Capua,Campania,Italy,South,OFF-AR-10001216,Office Supplies,Art,"BIC Pencil Sharpener, Easy-Erase",87.84,3,0,4.32
4063,ES-2020-1242181,12/26/2020,12/28/2020,First Class,BF-11020,Barry Französisch,Corporate,Ferrara,Emilia-Romagna,Italy,South,FUR-BO-10003007,Furniture,Bookcases,"Ikea Stackable Bookrack, Metal",488.16,4,0,112.2
4064,ES-2020-1242181,12/26/2020,12/28/2020,First Class,BF-11020,Barry Französisch,Corporate,Ferrara,Emilia-Romagna,Italy,South,OFF-ST-10000127,Office Supplies,Storage,"Fellowes Shelving, Wire Frame",204.876,6,0.4,3.276
4164,ES-2022-1932820,12/19/2022,12/21/2022,Second Class,BD-11635,Brian Derr,Consumer,Pescara,Abruzzi,Italy,South,OFF-AR-10000110,Office Supplies,Art,"Binney & Smith Sketch Pad, Blue",138.96,3,0,36.09
4165,ES-2022-1932820,12/19/2022,12/21/2022,Second Class,BD-11635,Brian Derr,Consumer,Pescara,Abruzzi,Italy,South,OFF-AR-10002852,Office Supplies,Art,"Stanley Pens, Fluorescent",56.55,5,0,4.95
4198,ES-2022-1224526,12/23/2022,12/23/2022,Same Day,TH-21235,Tiffany House,Corporate,Lecce,Apulia,Italy,South,TEC-CO-10002937,Technology,Copiers,"Canon Ink, High-Speed",290.7,2,0,93
4199,ES-2022-1224526,12/23/2022,12/23/2022,Same Day,TH-21235,Tiffany House,Corporate,Lecce,Apulia,Italy,South,OFF-AR-10004519,Office Supplies,Art,"Boston Canvas, Fluorescent",219.6,4,0,39.48
4231,ES-2020-5205311,8/25/2020,8/27/2020,Second Class,MS-17980,Michael Stewart,Corporate,Reggio nell'Emilia,Emilia-Romagna,Italy,South,OFF-BI-10000972,Office Supplies,Binders,"Acco 3-Hole Punch, Economy",150.6,5,0,28.5
4232,ES-2020-5205311,8/25/2020,8/27/2020,Second Class,MS-17980,Michael Stewart,Corporate,Reggio nell'Emilia,Emilia-Romagna,Italy,South,OFF-SU-10003343,Office Supplies,Supplies,"Kleencut Shears, Steel",138.51,3,0,36
4234,ES-2022-2888354,11/21/2022,11/27/2022,Standard Class,AC-10615,Ann Chong,Corporate,Lucca,Tuscany,Italy,South,OFF-AR-10000823,Office Supplies,Art,"Stanley Pens, Water Color",119.07,9,0,38.07
4235,ES-2022-2888354,11/21/2022,11/27/2022,Standard Class,AC-10615,Ann Chong,Corporate,Lucca,Tuscany,Italy,South,OFF-AR-10000110,Office Supplies,Art,"Binney & Smith Sketch Pad, Blue",138.96,3,0,36.09
4236,ES-2022-2888354,11/21/2022,11/27/2022,Standard Class,AC-10615,Ann Chong,Corporate,Lucca,Tuscany,Italy,South,FUR-TA-10002568,Furniture,Tables,"Chromcraft Coffee Table, Rectangular",529.32,4,0.5,-391.8
4237,ES-2022-2888354,11/21/2022,11/27/2022,Standard Class,AC-10615,Ann Chong,Corporate,Lucca,Tuscany,Italy,South,OFF-ST-10002354,Office Supplies,Storage,"Eldon Lockers, Wire Frame",709.128,6,0.4,-236.412
4238,ES-2022-2888354,11/21/2022,11/27/2022,Standard Class,AC-10615,Ann Chong,Corporate,Lucca,Tuscany,Italy,South,OFF-AR-10004986,Office Supplies,Art,"Boston Pens, Easy-Erase",28.98,2,0,9.54
4239,ES-2022-2888354,11/21/2022,11/27/2022,Standard Class,AC-10615,Ann Chong,Corporate,Lucca,Tuscany,Italy,South,FUR-BO-10003738,Furniture,Bookcases,"Dania Library with Doors, Mobile",364.92,1,0,83.91
4248,ES-2021-5160720,8/1/2021,8/6/2021,Second Class,KH-16630,Ken Heidel,Corporate,Brescia,Lombardy,Italy,South,OFF-AR-10003217,Office Supplies,Art,"Sanford Highlighters, Fluorescent",68.04,4,0,28.56
4249,IT-2019-5956746,9/23/2019,9/25/2019,First Class,BT-11485,Brad Thomas,Home Office,Rome,Lazio,Italy,South,OFF-ST-10000300,Office Supplies,Storage,"Eldon Folders, Wire Frame",28.89,3,0.4,-14.49
4258,ES-2020-3263566,6/13/2020,6/20/2020,Standard Class,CB-12535,Claudia Bergmann,Corporate,Taranto,Apulia,Italy,South,OFF-FA-10002066,Office Supplies,Fasteners,"OIC Clamps, Bulk Pack",19.77,1,0,9.87
4288,IT-2020-4240389,11/30/2020,12/2/2020,Second Class,ST-20530,Shui Tom,Consumer,Milan,Lombardy,Italy,South,FUR-CH-10001043,Furniture,Chairs,"Harbour Creations Bag Chairs, Red",73.944,3,0.6,-31.446
4294,ES-2020-2641248,9/14/2020,9/18/2020,Standard Class,BF-11170,Ben Ferrer,Home Office,Catania,Sicily,Italy,South,OFF-SU-10003629,Office Supplies,Supplies,"Fiskars Ruler, Steel",41.49,3,0,6.57
4345,IT-2020-2733319,12/4/2020,12/6/2020,First Class,HA-14920,Helen Andreada,Consumer,Trieste,Friuli-Venezia Giulia,Italy,South,OFF-ST-10004191,Office Supplies,Storage,"Tenex Lockers, Blue",122.49,1,0.4,-28.59
4364,ES-2020-3290251,9/3/2020,9/5/2020,First Class,HK-14890,Heather Kirkland,Corporate,Montecatini Terme,Tuscany,Italy,South,TEC-AC-10003103,Technology,Accessories,"SanDisk Keyboard, Erganomic",79.29,1,0,10.29
4365,ES-2020-3290251,9/3/2020,9/5/2020,First Class,HK-14890,Heather Kirkland,Corporate,Montecatini Terme,Tuscany,Italy,South,OFF-EN-10004120,Office Supplies,Envelopes,"Jiffy Peel and Seal, Set of 50",40.02,2,0,9.96
4366,ES-2020-3290251,9/3/2020,9/5/2020,First Class,HK-14890,Heather Kirkland,Corporate,Montecatini Terme,Tuscany,Italy,South,FUR-BO-10004704,Furniture,Bookcases,"Bush Corner Shelving, Pine",250.68,2,0,120.3
4403,ES-2019-2608306,2/8/2019,2/13/2019,Standard Class,SW-20455,Shaun Weien,Consumer,Siena,Tuscany,Italy,South,OFF-FA-10000659,Office Supplies,Fasteners,"Stockwell Clamps, 12 Pack",109.62,6,0,21.78
4446,ES-2021-3907928,9/21/2021,9/23/2021,First Class,AG-10525,Andy Gerbode,Corporate,Teramo,Abruzzi,Italy,South,OFF-AR-10000502,Office Supplies,Art,"BIC Highlighters, Easy-Erase",57.6,3,0,13.23
4460,ES-2019-2931507,6/21/2019,6/25/2019,Standard Class,SM-20950,Suzanne McNair,Corporate,Venice,Veneto,Italy,South,OFF-EN-10002634,Office Supplies,Envelopes,"Jiffy Clasp Envelope, Set of 50",17.04,2,0,8.16
4482,IT-2022-2835973,11/19/2022,11/26/2022,Standard Class,JK-15370,Jay Kimmel,Consumer,Naples,Campania,Italy,South,OFF-ST-10001195,Office Supplies,Storage,"Smead Box, Wire Frame",23.616,4,0.4,-9.144
4483,IT-2022-2835973,11/19/2022,11/26/2022,Standard Class,JK-15370,Jay Kimmel,Consumer,Naples,Campania,Italy,South,OFF-LA-10001413,Office Supplies,Labels,"Hon Shipping Labels, Laser Printer Compatible",45.48,4,0,12.72
4502,IT-2022-1431014,8/27/2022,9/1/2022,Standard Class,CK-12205,Chloris Kastensmidt,Consumer,Rome,Lazio,Italy,South,OFF-ST-10003305,Office Supplies,Storage,"Rogers Box, Blue",86.292,6,0.4,-54.828
4503,IT-2022-1431014,8/27/2022,9/1/2022,Standard Class,CK-12205,Chloris Kastensmidt,Consumer,Rome,Lazio,Italy,South,FUR-FU-10003500,Furniture,Furnishings,"Rubbermaid Photo Frame, Duo Pack",155.43,3,0,55.89
4504,IT-2022-1431014,8/27/2022,9/1/2022,Standard Class,CK-12205,Chloris Kastensmidt,Consumer,Rome,Lazio,Italy,South,OFF-AR-10001269,Office Supplies,Art,"BIC Markers, Water Color",148.05,5,0,51.75
4516,ES-2021-2765433,12/13/2021,12/17/2021,Standard Class,JM-15535,Jessica Myrick,Consumer,Parma,Emilia-Romagna,Italy,South,OFF-BI-10001833,Office Supplies,Binders,"Ibico Hole Reinforcements, Recycled",22.05,3,0,6.75
4567,ES-2021-1614127,5/22/2021,5/27/2021,Standard Class,CM-12160,Charles McCrossin,Consumer,Milan,Lombardy,Italy,South,TEC-AC-10001030,Technology,Accessories,"Memorex Flash Drive, Erganomic",54.42,2,0,5.4
4568,ES-2021-1614127,5/22/2021,5/27/2021,Standard Class,CM-12160,Charles McCrossin,Consumer,Milan,Lombardy,Italy,South,OFF-ST-10004377,Office Supplies,Storage,"Rogers File Cart, Single Width",764.802,9,0.4,-178.578
4569,ES-2021-1614127,5/22/2021,5/27/2021,Standard Class,CM-12160,Charles McCrossin,Consumer,Milan,Lombardy,Italy,South,OFF-AR-10001606,Office Supplies,Art,"BIC Highlighters, Fluorescent",40.38,2,0,13.32
4579,IT-2022-2277753,1/14/2022,1/16/2022,Second Class,AG-10765,Anthony Garverick,Home Office,Florence,Tuscany,Italy,South,FUR-CH-10001039,Furniture,Chairs,"Harbour Creations Rocking Chair, Adjustable",358.992,6,0.6,-251.388
4590,ES-2021-2569541,9/11/2021,9/13/2021,Second Class,FC-14335,Fred Chung,Corporate,Vicenza,Veneto,Italy,South,OFF-EN-10002723,Office Supplies,Envelopes,"Cameo Interoffice Envelope, with clear poly window",254.85,5,0,12.6
4591,ES-2021-2569541,9/11/2021,9/13/2021,Second Class,FC-14335,Fred Chung,Corporate,Vicenza,Veneto,Italy,South,OFF-SU-10003229,Office Supplies,Supplies,"Stiletto Trimmer, Easy Grip",44.37,1,0,10.2
4599,ES-2022-5812283,11/20/2022,11/25/2022,Standard Class,VG-21805,Vivek Grady,Corporate,Acireale,Sicily,Italy,South,OFF-EN-10002728,Office Supplies,Envelopes,"GlobeWeis Interoffice Envelope, Set of 50",286.92,6,0,65.88
4600,ES-2022-5812283,11/20/2022,11/25/2022,Standard Class,VG-21805,Vivek Grady,Corporate,Acireale,Sicily,Italy,South,OFF-BI-10002225,Office Supplies,Binders,"Cardinal Binding Machine, Durable",102.54,2,0,35.88
4601,ES-2022-5812283,11/20/2022,11/25/2022,Standard Class,VG-21805,Vivek Grady,Corporate,Acireale,Sicily,Italy,South,OFF-LA-10000379,Office Supplies,Labels,"Harbour Creations Legal Exhibit Labels, 5000 Label Set",22.68,2,0,3.6
4621,ES-2019-5269399,9/29/2019,10/4/2019,Standard Class,CB-12025,Cassandra Brandow,Consumer,Massa,Tuscany,Italy,South,OFF-BI-10003642,Office Supplies,Binders,"Wilson Jones Binder, Economy",26.04,2,0,8.04
4625,ES-2019-3670390,8/10/2019,8/13/2019,First Class,AF-10885,Art Foster,Consumer,Altamura,Apulia,Italy,South,OFF-ST-10001426,Office Supplies,Storage,"Eldon Folders, Single Width",61.236,6,0.4,7.056
4652,IT-2022-1201093,3/6/2022,3/8/2022,First Class,KD-16615,Ken Dana,Corporate,Palermo,Sicily,Italy,South,TEC-MA-10004693,Technology,Machines,"Panasonic Calculator, White",262.926,9,0.4,-30.834
4664,IT-2020-3761235,8/25/2020,8/28/2020,First Class,FA-14230,Frank Atkinson,Corporate,Genoa,Liguria,Italy,South,FUR-CH-10002288,Furniture,Chairs,"SAFCO Bag Chairs, Red",19.776,1,0.6,-26.214
4678,ES-2020-2268105,1/6/2020,1/12/2020,Standard Class,DP-13165,David Philippe,Consumer,Rome,Lazio,Italy,South,FUR-FU-10004313,Furniture,Furnishings,"Eldon Light Bulb, Duo Pack",101.04,4,0,40.32
4679,ES-2020-2268105,1/6/2020,1/12/2020,Standard Class,DP-13165,David Philippe,Consumer,Rome,Lazio,Italy,South,OFF-ST-10002175,Office Supplies,Storage,"Fellowes Lockers, Single Width",373.248,3,0.4,-143.082
4680,ES-2020-2268105,1/6/2020,1/12/2020,Standard Class,DP-13165,David Philippe,Consumer,Rome,Lazio,Italy,South,OFF-BI-10004801,Office Supplies,Binders,"Acco Binding Machine, Durable",52.59,1,0,12.6
4681,ES-2020-2268105,1/6/2020,1/12/2020,Standard Class,DP-13165,David Philippe,Consumer,Rome,Lazio,Italy,South,TEC-PH-10004601,Technology,Phones,"Nokia Audio Dock, with Caller ID",200.088,2,0.4,-83.412
4682,ES-2020-2268105,1/6/2020,1/12/2020,Standard Class,DP-13165,David Philippe,Consumer,Rome,Lazio,Italy,South,OFF-ST-10000710,Office Supplies,Storage,"Smead Shelving, Blue",146.79,5,0.4,-24.51
4683,ES-2020-2268105,1/6/2020,1/12/2020,Standard Class,DP-13165,David Philippe,Consumer,Rome,Lazio,Italy,South,OFF-BI-10003068,Office Supplies,Binders,"Ibico Binding Machine, Durable",158.76,3,0,72.99
4684,ES-2020-3710236,4/10/2020,4/14/2020,Standard Class,AJ-10960,Astrea Jones,Consumer,Milan,Lombardy,Italy,South,TEC-CO-10003516,Technology,Copiers,"Sharp Ink, High-Speed",367.83,3,0,29.34
4685,ES-2020-3710236,4/10/2020,4/14/2020,Standard Class,AJ-10960,Astrea Jones,Consumer,Milan,Lombardy,Italy,South,OFF-EN-10004051,Office Supplies,Envelopes,"Ames Manila Envelope, Set of 50",98.76,4,0,7.8
4715,ES-2022-2243017,1/30/2022,2/5/2022,Standard Class,LR-16915,Lena Radford,Consumer,Milan,Lombardy,Italy,South,TEC-AC-10000712,Technology,Accessories,"Enermax Router, Programmable",519.66,2,0,213.06
4716,ES-2022-2243017,1/30/2022,2/5/2022,Standard Class,LR-16915,Lena Radford,Consumer,Milan,Lombardy,Italy,South,TEC-AC-10003518,Technology,Accessories,"Logitech Router, USB",495.06,2,0,59.4
4717,ES-2022-2243017,1/30/2022,2/5/2022,Standard Class,LR-16915,Lena Radford,Consumer,Milan,Lombardy,Italy,South,TEC-MA-10002521,Technology,Machines,"Okidata Card Printer, Wireless",210.996,2,0.4,-123.084
4724,ES-2022-1620754,1/31/2022,2/3/2022,First Class,GH-14665,Greg Hansen,Consumer,Reggio nell'Emilia,Emilia-Romagna,Italy,South,OFF-AR-10000799,Office Supplies,Art,"Sanford Highlighters, Easy-Erase",64.08,4,0,2.52
4738,ES-2020-5011384,8/21/2020,8/23/2020,Second Class,MC-17590,Matt Collister,Corporate,Prato,Tuscany,Italy,South,OFF-ST-10004097,Office Supplies,Storage,"Tenex Box, Wire Frame",65.394,7,0.4,6.384
4742,IT-2019-4913414,12/14/2019,12/19/2019,Second Class,EH-13765,Edward Hooks,Corporate,Naples,Campania,Italy,South,OFF-ST-10002172,Office Supplies,Storage,"Fellowes Trays, Blue",344.34,10,0.4,-189.66
4743,IT-2019-4913414,12/14/2019,12/19/2019,Second Class,EH-13765,Edward Hooks,Corporate,Naples,Campania,Italy,South,FUR-TA-10000184,Furniture,Tables,"Barricks Conference Table, Fully Assembled",1362.825,3,0.5,-327.105
4744,IT-2019-4913414,12/14/2019,12/19/2019,Second Class,EH-13765,Edward Hooks,Corporate,Naples,Campania,Italy,South,OFF-AR-10002145,Office Supplies,Art,"Binney & Smith Sketch Pad, Fluorescent",285.48,6,0,14.22
4768,ES-2020-4711076,12/11/2020,12/18/2020,Standard Class,JF-15190,Jamie Frazer,Consumer,Venice,Veneto,Italy,South,FUR-BO-10004053,Furniture,Bookcases,"Dania Library with Doors, Metal",1085.58,3,0,379.89
4769,ES-2020-4711076,12/11/2020,12/18/2020,Standard Class,JF-15190,Jamie Frazer,Consumer,Venice,Veneto,Italy,South,OFF-PA-10001492,Office Supplies,Paper,"Enermax Note Cards, Premium",89.73,3,0,18.81
4778,ES-2021-2406661,6/5/2021,6/10/2021,Standard Class,MD-17860,Michael Dominguez,Corporate,Fano,Marche,Italy,South,OFF-AR-10003384,Office Supplies,Art,"Boston Pens, Water Color",52.2,3,0,4.68
4802,ES-2020-1028780,12/4/2020,12/8/2020,Standard Class,JF-15190,Jamie Frazer,Consumer,Latina,Lazio,Italy,South,OFF-AR-10000711,Office Supplies,Art,"BIC Pens, Easy-Erase",116.4,8,0,25.44
4803,ES-2020-1028780,12/4/2020,12/8/2020,Standard Class,JF-15190,Jamie Frazer,Consumer,Latina,Lazio,Italy,South,OFF-SU-10003234,Office Supplies,Supplies,"Acme Box Cutter, Easy Grip",118.26,3,0,57.87
4804,IT-2021-1249019,3/29/2021,4/3/2021,Standard Class,JW-15220,Jane Waco,Corporate,Parma,Emilia-Romagna,Italy,South,OFF-ST-10002271,Office Supplies,Storage,"Rogers Shelving, Wire Frame",183.6,5,0.4,-27.6
4805,IT-2021-1249019,3/29/2021,4/3/2021,Standard Class,JW-15220,Jane Waco,Corporate,Parma,Emilia-Romagna,Italy,South,TEC-CO-10002326,Technology,Copiers,"Canon Copy Machine, Color",527.16,2,0,131.76
4806,IT-2021-1249019,3/29/2021,4/3/2021,Standard Class,JW-15220,Jane Waco,Corporate,Parma,Emilia-Romagna,Italy,South,OFF-ST-10000624,Office Supplies,Storage,"Eldon File Cart, Single Width",154.044,2,0.4,7.644
4826,ES-2020-2633867,8/2/2020,8/6/2020,Standard Class,DL-13315,Delfina Latchford,Consumer,Milan,Lombardy,Italy,South,TEC-AC-10001441,Technology,Accessories,"SanDisk Mouse, Erganomic",144.48,4,0,28.8
4827,ES-2020-2633867,8/2/2020,8/6/2020,Standard Class,DL-13315,Delfina Latchford,Consumer,Milan,Lombardy,Italy,South,OFF-BI-10000282,Office Supplies,Binders,"Ibico Binder, Durable",33.96,2,0,0.96
4828,ES-2020-2633867,8/2/2020,8/6/2020,Standard Class,DL-13315,Delfina Latchford,Consumer,Milan,Lombardy,Italy,South,FUR-FU-10000946,Furniture,Furnishings,"Advantus Stacking Tray, Durable",131.85,5,0,35.55
4829,IT-2020-5230168,12/13/2020,12/17/2020,Standard Class,PS-18970,Paul Stevenson,Home Office,Milan,Lombardy,Italy,South,OFF-ST-10002759,Office Supplies,Storage,"Eldon Shelving, Industrial",117.36,4,0.4,-72.48
4833,ES-2022-4297997,8/20/2022,8/20/2022,Same Day,KA-16525,Kelly Andreada,Consumer,Milan,Lombardy,Italy,South,FUR-FU-10003219,Furniture,Furnishings,"Eldon Frame, Erganomic",689.22,6,0,96.48
4837,ES-2022-5345830,1/14/2022,1/16/2022,First Class,MG-17695,Maureen Gnade,Consumer,Turin,Piedmont,Italy,South,OFF-BI-10000042,Office Supplies,Binders,"Cardinal Index Tab, Clear",29.04,4,0,10.08
4838,ES-2022-5345830,1/14/2022,1/16/2022,First Class,MG-17695,Maureen Gnade,Consumer,Turin,Piedmont,Italy,South,TEC-CO-10002663,Technology,Copiers,"Sharp Wireless Fax, Laser",2847.36,8,0,711.84
4839,ES-2022-5345830,1/14/2022,1/16/2022,First Class,MG-17695,Maureen Gnade,Consumer,Turin,Piedmont,Italy,South,OFF-PA-10001294,Office Supplies,Paper,"Enermax Cards & Envelopes, Multicolor",97.02,2,0,13.56
4840,ES-2022-5345830,1/14/2022,1/16/2022,First Class,MG-17695,Maureen Gnade,Consumer,Turin,Piedmont,Italy,South,OFF-AR-10000399,Office Supplies,Art,"Stanley Canvas, Water Color",157.95,3,0,69.48
4841,ES-2022-5345830,1/14/2022,1/16/2022,First Class,MG-17695,Maureen Gnade,Consumer,Turin,Piedmont,Italy,South,OFF-ST-10001025,Office Supplies,Storage,"Tenex Trays, Single Width",32.544,1,0.4,-1.086
4842,ES-2022-5345830,1/14/2022,1/16/2022,First Class,MG-17695,Maureen Gnade,Consumer,Turin,Piedmont,Italy,South,OFF-AR-10001418,Office Supplies,Art,"BIC Markers, Easy-Erase",80.1,3,0,22.41
4843,ES-2022-5345830,1/14/2022,1/16/2022,First Class,MG-17695,Maureen Gnade,Consumer,Turin,Piedmont,Italy,South,OFF-FA-10003789,Office Supplies,Fasteners,"Accos Push Pins, Metal",58.56,4,0,9.84
4857,ES-2019-4093113,11/27/2019,11/30/2019,First Class,HM-14860,Harry Marie,Corporate,Florence,Tuscany,Italy,South,TEC-MA-10002771,Technology,Machines,"StarTech Inkjet, White",538.056,3,0.4,35.856
4858,ES-2019-4093113,11/27/2019,11/30/2019,First Class,HM-14860,Harry Marie,Corporate,Florence,Tuscany,Italy,South,TEC-AC-10002670,Technology,Accessories,"Logitech Mouse, Erganomic",54.18,2,0,12.42
4859,ES-2019-4093113,11/27/2019,11/30/2019,First Class,HM-14860,Harry Marie,Corporate,Florence,Tuscany,Italy,South,TEC-PH-10000292,Technology,Phones,"Samsung Office Telephone, Full Size",119.718,3,0.4,-22.032
4874,IT-2020-4596592,9/13/2020,9/15/2020,Second Class,EM-13825,Elizabeth Moffitt,Corporate,Bari,Apulia,Italy,South,OFF-ST-10001213,Office Supplies,Storage,"Smead Shelving, Industrial",59.292,2,0.4,-15.828
4875,IT-2020-4596592,9/13/2020,9/15/2020,Second Class,EM-13825,Elizabeth Moffitt,Corporate,Bari,Apulia,Italy,South,TEC-CO-10000013,Technology,Copiers,"Brother Fax Machine, Laser",637.08,2,0,261.18
4877,ES-2020-1779420,6/1/2020,6/3/2020,Second Class,MY-17380,Maribeth Yedwab,Corporate,Imola,Emilia-Romagna,Italy,South,OFF-LA-10000356,Office Supplies,Labels,"Novimex Round Labels, 5000 Label Set",13.32,2,0,6.24
4878,ES-2020-1779420,6/1/2020,6/3/2020,Second Class,MY-17380,Maribeth Yedwab,Corporate,Imola,Emilia-Romagna,Italy,South,OFF-BI-10000563,Office Supplies,Binders,"Acco Hole Reinforcements, Durable",65.28,8,0,30.48
4912,ES-2019-2542728,11/9/2019,11/13/2019,Standard Class,SR-20425,Sharelle Roach,Home Office,Ercolano,Campania,Italy,South,OFF-LA-10001265,Office Supplies,Labels,"Hon File Folder Labels, Alphabetical",42.3,5,0,16.05
4913,ES-2019-2542728,11/9/2019,11/13/2019,Standard Class,SR-20425,Sharelle Roach,Home Office,Ercolano,Campania,Italy,South,OFF-SU-10004911,Office Supplies,Supplies,"Acme Shears, High Speed",349.44,7,0,174.72
4917,ES-2021-5322278,9/21/2021,9/28/2021,Standard Class,LB-16795,Laurel Beltran,Home Office,Pozzuoli,Campania,Italy,South,FUR-BO-10001621,Furniture,Bookcases,"Dania Stackable Bookrack, Traditional",968.4,8,0,406.56
4918,ES-2021-5322278,9/21/2021,9/28/2021,Standard Class,LB-16795,Laurel Beltran,Home Office,Pozzuoli,Campania,Italy,South,FUR-BO-10000728,Furniture,Bookcases,"Dania Corner Shelving, Traditional",366.21,3,0,124.47
4923,IT-2021-5672839,9/4/2021,9/9/2021,Standard Class,GB-14575,Giulietta Baptist,Consumer,Venice,Veneto,Italy,South,OFF-ST-10002151,Office Supplies,Storage,"Eldon Box, Blue",36.936,6,0.4,-8.784
4970,ES-2020-2766375,5/12/2020,5/16/2020,Standard Class,EB-13975,Erica Bern,Corporate,Velletri,Lazio,Italy,South,OFF-BI-10004446,Office Supplies,Binders,"Acco Binding Machine, Economy",153.27,3,0,44.37
4971,ES-2020-2766375,5/12/2020,5/16/2020,Standard Class,EB-13975,Erica Bern,Corporate,Velletri,Lazio,Italy,South,OFF-AP-10003618,Office Supplies,Appliances,"Hoover Refrigerator, Silver",1054.02,2,0,337.26
4972,ES-2020-2766375,5/12/2020,5/16/2020,Standard Class,EB-13975,Erica Bern,Corporate,Velletri,Lazio,Italy,South,OFF-LA-10002733,Office Supplies,Labels,"Novimex File Folder Labels, Alphabetical",56.49,7,0,7.77
5005,ES-2019-3227800,3/2/2019,3/6/2019,Standard Class,JF-15490,Jeremy Farry,Consumer,Rome,Lazio,Italy,South,OFF-BI-10003650,Office Supplies,Binders,"Ibico Index Tab, Clear",17.82,2,0,3.18
5006,ES-2021-2061669,12/30/2021,1/2/2022,First Class,AA-10375,Allen Armold,Consumer,Molfetta,Apulia,Italy,South,OFF-SU-10004524,Office Supplies,Supplies,"Kleencut Box Cutter, High Speed",69.3,2,0,0
5007,ES-2021-2061669,12/30/2021,1/2/2022,First Class,AA-10375,Allen Armold,Consumer,Molfetta,Apulia,Italy,South,FUR-CH-10004194,Furniture,Chairs,"Novimex Bag Chairs, Red",73.536,4,0.6,-62.544
5008,ES-2021-2061669,12/30/2021,1/2/2022,First Class,AA-10375,Allen Armold,Consumer,Molfetta,Apulia,Italy,South,OFF-FA-10000179,Office Supplies,Fasteners,"Advantus Paper Clips, Metal",66.9,5,0,16.05
5009,ES-2021-2061669,12/30/2021,1/2/2022,First Class,AA-10375,Allen Armold,Consumer,Molfetta,Apulia,Italy,South,OFF-ST-10003446,Office Supplies,Storage,"Smead Trays, Single Width",58.212,2,0.4,-7.788
5010,ES-2021-2061669,12/30/2021,1/2/2022,First Class,AA-10375,Allen Armold,Consumer,Molfetta,Apulia,Italy,South,OFF-BI-10001754,Office Supplies,Binders,"Ibico Binder Covers, Recycled",42.03,3,0,15.48
5050,ES-2021-4325997,5/1/2021,5/5/2021,Standard Class,JF-15190,Jamie Frazer,Consumer,Florence,Tuscany,Italy,South,OFF-PA-10003907,Office Supplies,Paper,"Eaton Message Books, Premium",205.8,10,0,96.6
5051,ES-2021-4325997,5/1/2021,5/5/2021,Standard Class,JF-15190,Jamie Frazer,Consumer,Florence,Tuscany,Italy,South,OFF-AR-10002454,Office Supplies,Art,"Binney & Smith Canvas, Water Color",163.62,3,0,78.48
5117,IT-2022-5184244,11/28/2022,12/2/2022,Standard Class,LF-17185,Luke Foster,Consumer,Manfredonia,Apulia,Italy,South,OFF-ST-10004702,Office Supplies,Storage,"Eldon Box, Single Width",24.696,4,0.4,-4.584
5120,IT-2021-2418506,2/7/2021,2/10/2021,Second Class,JB-16045,Julia Barnett,Home Office,Reggio nell'Emilia,Emilia-Romagna,Italy,South,TEC-MA-10000875,Technology,Machines,"Okidata Inkjet, Wireless",1508.256,8,0.4,-980.544
5121,IT-2019-5001014,5/19/2019,5/26/2019,Standard Class,EJ-13720,Ed Jacobs,Consumer,Quartu Sant'Elena,Sardinia,Italy,South,OFF-ST-10002905,Office Supplies,Storage,"Rogers Box, Single Width",43.2,3,0.4,-20.16
5127,IT-2019-5956746,8/10/2019,8/14/2019,Standard Class,CR-12625,Corey Roper,Home Office,Parma,Emilia-Romagna,Italy,South,FUR-FU-10004604,Furniture,Furnishings,"Deflect-O Clock, Erganomic",48.93,1,0,4.38
5157,ES-2020-5913584,9/28/2020,9/29/2020,First Class,KC-16675,Kimberly Carter,Corporate,Ravenna,Emilia-Romagna,Italy,South,OFF-SU-10004087,Office Supplies,Supplies,"Elite Scissors, Steel",197.37,9,0,43.2
5160,ES-2021-2759612,6/15/2021,6/20/2021,Second Class,HE-14800,Harold Engle,Corporate,Latina,Lazio,Italy,South,OFF-BI-10000482,Office Supplies,Binders,"Acco 3-Hole Punch, Recycled",213.36,7,0,19.11
5161,ES-2021-2759612,6/15/2021,6/20/2021,Second Class,HE-14800,Harold Engle,Corporate,Latina,Lazio,Italy,South,OFF-EN-10003431,Office Supplies,Envelopes,"Cameo Interoffice Envelope, Security-Tint",99.66,2,0,9.96
5162,ES-2021-2759612,6/15/2021,6/20/2021,Second Class,HE-14800,Harold Engle,Corporate,Latina,Lazio,Italy,South,FUR-BO-10004547,Furniture,Bookcases,"Bush Stackable Bookrack, Traditional",368.91,3,0,92.16
5187,ES-2021-5538953,6/3/2021,6/9/2021,Standard Class,NM-18445,Nathan Mautz,Home Office,Altamura,Apulia,Italy,South,OFF-EN-10002008,Office Supplies,Envelopes,"Cameo Mailers, Recycled",258.72,7,0,59.43
5201,IT-2019-3202706,7/28/2019,7/30/2019,First Class,EM-14095,Eudokia Martin,Corporate,Genoa,Liguria,Italy,South,TEC-PH-10002564,Technology,Phones,"Motorola Signal Booster, Full Size",173.304,2,0.4,-69.336
5213,ES-2022-2882418,6/16/2022,6/20/2022,Standard Class,AO-10810,Anthony O'Donnell,Corporate,Avellino,Campania,Italy,South,OFF-AR-10001462,Office Supplies,Art,"Stanley Highlighters, Fluorescent",111.72,7,0,41.16
5218,ES-2020-3868505,1/17/2020,1/19/2020,Second Class,PN-18775,Parhena Norris,Home Office,Rovigo,Veneto,Italy,South,OFF-AR-10002902,Office Supplies,Art,"Sanford Canvas, Water Color",107.4,2,0,0
5242,ES-2022-2139416,11/21/2022,11/22/2022,First Class,CL-12700,Craig Leslie,Home Office,Milan,Lombardy,Italy,South,OFF-AR-10000785,Office Supplies,Art,"BIC Sketch Pad, Water Color",414.72,8,0,62.16
5243,IT-2020-1570708,12/18/2020,12/21/2020,First Class,AR-10570,Anemone Ratner,Consumer,Torre del Greco,Campania,Italy,South,OFF-ST-10000130,Office Supplies,Storage,"Eldon Trays, Wire Frame",56.448,2,0.4,-0.972
5266,ES-2022-5952770,10/20/2022,10/22/2022,Second Class,AS-10240,Alan Shonely,Consumer,Taranto,Apulia,Italy,South,OFF-LA-10000519,Office Supplies,Labels,"Novimex File Folder Labels, Laser Printer Compatible",8.25,1,0,1.56
5287,ES-2022-5054547,5/2/2022,5/6/2022,Second Class,MH-17290,Marc Harrigan,Home Office,Agrigento,Sicily,Italy,South,OFF-PA-10003796,Office Supplies,Paper,"Eaton Parchment Paper, 8.5 x 11",52.83,3,0,10.53
5303,ES-2022-2704192,10/5/2022,10/12/2022,Standard Class,PC-18745,Pamela Coakley,Corporate,Catania,Sicily,Italy,South,OFF-EN-10001728,Office Supplies,Envelopes,"Jiffy Interoffice Envelope, Recycled",45.24,1,0,12.21
5314,ES-2022-2667457,8/30/2022,9/5/2022,Standard Class,NP-18325,Naresj Patel,Consumer,Prato,Tuscany,Italy,South,OFF-FA-10001113,Office Supplies,Fasteners,"OIC Push Pins, Assorted Sizes",37.08,3,0,7.38
5317,ES-2020-2785188,2/2/2020,2/7/2020,Standard Class,RA-19945,Ryan Akin,Consumer,Fiumicino,Lazio,Italy,South,TEC-AC-10000494,Technology,Accessories,"Logitech Numeric Keypad, USB",139.59,3,0,59.94
5318,ES-2021-5671907,7/4/2021,7/9/2021,Standard Class,JE-16165,Justin Ellison,Corporate,Carrara,Tuscany,Italy,South,FUR-FU-10004462,Furniture,Furnishings,"Advantus Stacking Tray, Black",105.72,4,0,29.52
5319,ES-2021-5671907,7/4/2021,7/9/2021,Standard Class,JE-16165,Justin Ellison,Corporate,Carrara,Tuscany,Italy,South,OFF-AR-10000124,Office Supplies,Art,"Binney & Smith Highlighters, Fluorescent",71.4,4,0,5.64
5332,ES-2022-4917515,12/27/2022,12/31/2022,Standard Class,RM-19675,Robert Marley,Home Office,Milan,Lombardy,Italy,South,OFF-SU-10003357,Office Supplies,Supplies,"Fiskars Shears, Steel",94.08,2,0,27.24
5338,ES-2022-3443954,11/15/2022,11/20/2022,Standard Class,AS-10285,Alejandro Savely,Corporate,Modica,Sicily,Italy,South,FUR-BO-10000002,Furniture,Bookcases,"Bush Classic Bookcase, Mobile",1245.6,3,0,62.28
5349,ES-2022-3388021,7/16/2022,7/17/2022,First Class,DR-12940,Daniel Raglin,Home Office,Rovigo,Veneto,Italy,South,OFF-BI-10002354,Office Supplies,Binders,"Acco Binder, Clear",43.83,3,0,14.4
5351,ES-2022-2323716,4/28/2022,5/3/2022,Standard Class,SE-20110,Sanjit Engle,Consumer,Sesto San Giovanni,Lombardy,Italy,South,FUR-FU-10004516,Furniture,Furnishings,"Deflect-O Frame, Black",990.36,9,0,435.51
5352,ES-2022-2323716,4/28/2022,5/3/2022,Standard Class,SE-20110,Sanjit Engle,Consumer,Sesto San Giovanni,Lombardy,Italy,South,FUR-BO-10001039,Furniture,Bookcases,"Dania Classic Bookcase, Traditional",1232.28,3,0,529.83
5368,ES-2021-5331451,5/28/2021,6/1/2021,Standard Class,CM-12385,Christopher Martinez,Consumer,Faenza,Emilia-Romagna,Italy,South,TEC-CO-10003474,Technology,Copiers,"Brother Personal Copier, Digital",142.53,1,0,2.85
5386,ES-2020-1678413,3/22/2020,3/26/2020,Standard Class,AG-10525,Andy Gerbode,Corporate,Cagliari,Sardinia,Italy,South,OFF-SU-10000906,Office Supplies,Supplies,"Fiskars Shears, High Speed",47.64,1,0,23.34
5387,ES-2020-1678413,3/22/2020,3/26/2020,Standard Class,AG-10525,Andy Gerbode,Corporate,Cagliari,Sardinia,Italy,South,OFF-ST-10004317,Office Supplies,Storage,"Smead Folders, Blue",41.976,4,0.4,-19.704
5413,ES-2021-3509742,3/1/2021,3/8/2021,Standard Class,BE-11335,Bill Eplett,Home Office,Fano,Marche,Italy,South,OFF-PA-10003907,Office Supplies,Paper,"Eaton Message Books, Premium",61.74,3,0,28.98
5414,ES-2021-3509742,3/1/2021,3/8/2021,Standard Class,BE-11335,Bill Eplett,Home Office,Fano,Marche,Italy,South,OFF-AP-10000172,Office Supplies,Appliances,"Cuisinart Toaster, Silver",325.26,6,0,74.7
5415,IT-2022-4099324,11/3/2022,11/7/2022,Standard Class,TM-21490,Tony Molinari,Consumer,Rome,Lazio,Italy,South,TEC-MA-10002686,Technology,Machines,"Okidata Card Printer, White",209.088,2,0.4,-20.952
5416,IT-2022-4099324,11/3/2022,11/7/2022,Standard Class,TM-21490,Tony Molinari,Consumer,Rome,Lazio,Italy,South,OFF-ST-10001562,Office Supplies,Storage,"Fellowes Box, Industrial",24.192,2,0.4,-14.148
5470,ES-2022-5205657,2/14/2022,2/18/2022,Standard Class,LC-16960,Lindsay Castell,Home Office,Brindisi,Apulia,Italy,South,FUR-BO-10004254,Furniture,Bookcases,"Ikea Classic Bookcase, Traditional",1235.25,3,0,469.35
5471,ES-2022-5205657,2/14/2022,2/18/2022,Standard Class,LC-16960,Lindsay Castell,Home Office,Brindisi,Apulia,Italy,South,TEC-MA-10003698,Technology,Machines,"Okidata Phone, White",102.312,2,0.4,-66.528
5472,ES-2022-5205657,2/14/2022,2/18/2022,Standard Class,LC-16960,Lindsay Castell,Home Office,Brindisi,Apulia,Italy,South,OFF-ST-10002659,Office Supplies,Storage,"Smead Shelving, Wire Frame",28.8,1,0.4,2.88
5473,ES-2022-5205657,2/14/2022,2/18/2022,Standard Class,LC-16960,Lindsay Castell,Home Office,Brindisi,Apulia,Italy,South,OFF-PA-10001536,Office Supplies,Paper,"SanDisk Message Books, 8.5 x 11",55.92,2,0,27.36
5474,ES-2022-2901069,9/16/2022,9/21/2022,Standard Class,BF-11170,Ben Ferrer,Home Office,Carrara,Tuscany,Italy,South,TEC-AC-10003103,Technology,Accessories,"SanDisk Keyboard, Erganomic",158.58,2,0,20.58
5475,ES-2022-2901069,9/16/2022,9/21/2022,Standard Class,BF-11170,Ben Ferrer,Home Office,Carrara,Tuscany,Italy,South,OFF-ST-10000130,Office Supplies,Storage,"Eldon Trays, Wire Frame",169.344,6,0.4,-2.916
5476,ES-2022-2901069,9/16/2022,9/21/2022,Standard Class,BF-11170,Ben Ferrer,Home Office,Carrara,Tuscany,Italy,South,TEC-CO-10000407,Technology,Copiers,"HP Copy Machine, Color",1209.45,5,0,241.8
5500,IT-2021-4191455,6/19/2021,6/25/2021,Standard Class,DO-13645,Doug O'Connell,Consumer,Ferrara,Emilia-Romagna,Italy,South,TEC-PH-10002586,Technology,Phones,"Nokia Office Telephone, with Caller ID",78.156,2,0.4,-46.944
5501,IT-2021-4191455,6/19/2021,6/25/2021,Standard Class,DO-13645,Doug O'Connell,Consumer,Ferrara,Emilia-Romagna,Italy,South,OFF-BI-10000042,Office Supplies,Binders,"Cardinal Index Tab, Clear",21.78,3,0,7.56
5527,ES-2021-3285041,4/27/2021,5/2/2021,Standard Class,XP-21865,Xylona Preis,Consumer,Civitavecchia,Lazio,Italy,South,FUR-BO-10001133,Furniture,Bookcases,"Ikea Classic Bookcase, Mobile",1242.81,3,0,397.62
5528,ES-2019-5158376,1/24/2019,1/26/2019,Second Class,JS-15940,Joni Sundaresam,Home Office,Gela,Sicily,Italy,South,OFF-AR-10003005,Office Supplies,Art,"Boston Markers, Fluorescent",27.63,1,0,4.14
5541,ES-2019-1205554,11/1/2019,11/3/2019,First Class,PF-19225,Phillip Flathmann,Consumer,Pozzuoli,Campania,Italy,South,OFF-SU-10004244,Office Supplies,Supplies,"Elite Letter Opener, Easy Grip",81.9,3,0,3.24
5554,ES-2020-1771958,8/8/2020,8/13/2020,Standard Class,BD-11620,Brian DeCherney,Consumer,Milan,Lombardy,Italy,South,FUR-BO-10001831,Furniture,Bookcases,"Sauder Floating Shelf Set, Metal",582.12,3,0,139.68
5562,IT-2022-3581068,9/16/2022,9/21/2022,Standard Class,VF-21715,Vicky Freymann,Home Office,Brescia,Lombardy,Italy,South,FUR-CH-10003114,Furniture,Chairs,"Harbour Creations Swivel Stool, Red",288.192,4,0.6,-180.168
5569,ES-2021-4015955,1/5/2021,1/9/2021,Standard Class,SC-20695,Steve Chapman,Corporate,Catania,Sicily,Italy,South,OFF-PA-10001905,Office Supplies,Paper,"Eaton Message Books, Recycled",102.45,5,0,14.25
5597,ES-2020-5833893,5/22/2020,5/26/2020,Standard Class,BD-11560,Brendan Dodson,Home Office,Cercola,Campania,Italy,South,FUR-FU-10001950,Furniture,Furnishings,"Eldon Door Stop, Black",100.32,2,0,19.02
5605,ES-2021-5085939,6/14/2021,6/16/2021,First Class,FM-14215,Filia McAdams,Corporate,Prato,Tuscany,Italy,South,TEC-AC-10003265,Technology,Accessories,"Belkin Router, Bluetooth",1552.5,6,0,62.1
5618,ES-2021-3228066,8/29/2021,9/5/2021,Standard Class,FM-14380,Fred McMath,Consumer,Ravenna,Emilia-Romagna,Italy,South,OFF-AR-10000409,Office Supplies,Art,"Sanford Canvas, Easy-Erase",203.16,4,0,26.4
5619,ES-2021-3228066,8/29/2021,9/5/2021,Standard Class,FM-14380,Fred McMath,Consumer,Ravenna,Emilia-Romagna,Italy,South,OFF-AR-10000110,Office Supplies,Art,"Binney & Smith Sketch Pad, Blue",138.96,3,0,36.09
5620,ES-2021-3228066,8/29/2021,9/5/2021,Standard Class,FM-14380,Fred McMath,Consumer,Ravenna,Emilia-Romagna,Italy,South,FUR-FU-10002919,Furniture,Furnishings,"Rubbermaid Frame, Erganomic",434.04,4,0,160.56
5633,ES-2022-2468556,8/19/2022,8/25/2022,Standard Class,NS-18640,Noel Staavos,Corporate,Verona,Veneto,Italy,South,FUR-BO-10000786,Furniture,Bookcases,"Sauder Stackable Bookrack, Pine",740.85,5,0,266.7
5648,ES-2022-3277356,11/17/2022,11/22/2022,Second Class,CK-12205,Chloris Kastensmidt,Consumer,Florence,Tuscany,Italy,South,TEC-CO-10000178,Technology,Copiers,"Hewlett Ink, Laser",743.4,5,0,89.1
5649,ES-2022-3277356,11/17/2022,11/22/2022,Second Class,CK-12205,Chloris Kastensmidt,Consumer,Florence,Tuscany,Italy,South,OFF-AR-10001672,Office Supplies,Art,"Boston Sketch Pad, Easy-Erase",390.96,8,0,113.28
5650,ES-2022-3277356,11/17/2022,11/22/2022,Second Class,CK-12205,Chloris Kastensmidt,Consumer,Florence,Tuscany,Italy,South,OFF-AR-10000703,Office Supplies,Art,"BIC Pens, Water Color",34.92,2,0,14.28
5651,ES-2022-5933137,8/8/2022,8/13/2022,Standard Class,TP-21565,Tracy Poddar,Corporate,Rome,Lazio,Italy,South,TEC-AC-10001660,Technology,Accessories,"Enermax Flash Drive, USB",292.11,7,0,113.82
5652,ES-2022-5933137,8/8/2022,8/13/2022,Standard Class,TP-21565,Tracy Poddar,Corporate,Rome,Lazio,Italy,South,OFF-AR-10000505,Office Supplies,Art,"Binney & Smith Pens, Easy-Erase",36.63,3,0,0
5661,ES-2022-2710870,10/19/2022,10/25/2022,Standard Class,MH-18025,Michelle Huthwaite,Consumer,Brescia,Lombardy,Italy,South,OFF-ST-10000643,Office Supplies,Storage,"Eldon Trays, Industrial",174.42,6,0.4,20.34
5662,ES-2022-2710870,10/19/2022,10/25/2022,Standard Class,MH-18025,Michelle Huthwaite,Consumer,Brescia,Lombardy,Italy,South,FUR-BO-10001537,Furniture,Bookcases,"Ikea Corner Shelving, Metal",490.08,4,0,19.56
5663,ES-2022-2710870,10/19/2022,10/25/2022,Standard Class,MH-18025,Michelle Huthwaite,Consumer,Brescia,Lombardy,Italy,South,OFF-LA-10000379,Office Supplies,Labels,"Harbour Creations Legal Exhibit Labels, 5000 Label Set",79.38,7,0,12.6
5664,ES-2022-2710870,10/19/2022,10/25/2022,Standard Class,MH-18025,Michelle Huthwaite,Consumer,Brescia,Lombardy,Italy,South,OFF-PA-10001722,Office Supplies,Paper,"SanDisk Message Books, Premium",71.46,3,0,18.54
5665,ES-2022-2710870,10/19/2022,10/25/2022,Standard Class,MH-18025,Michelle Huthwaite,Consumer,Brescia,Lombardy,Italy,South,OFF-BI-10001639,Office Supplies,Binders,"Acco Binder, Economy",90.9,6,0,12.6
5672,IT-2021-4993682,12/4/2021,12/8/2021,Standard Class,MB-17305,Maria Bertelson,Consumer,Avellino,Campania,Italy,South,FUR-CH-10002378,Furniture,Chairs,"Harbour Creations Swivel Stool, Black",213.228,3,0.6,-143.982
5683,IT-2022-1914249,3/28/2022,3/30/2022,Second Class,DM-13015,Darrin Martin,Consumer,Quartu Sant'Elena,Sardinia,Italy,South,OFF-ST-10000952,Office Supplies,Storage,"Smead File Cart, Blue",76.482,1,0.4,-49.728
5684,IT-2019-3468929,4/2/2019,4/5/2019,First Class,AS-10045,Aaron Smayling,Corporate,Rome,Lazio,Italy,South,TEC-PH-10003963,Technology,Phones,"Apple Signal Booster, Full Size",496.584,6,0.4,-289.836
5703,ES-2022-1822203,8/26/2022,9/1/2022,Standard Class,JF-15295,Jason Fortune-,Consumer,Rome,Lazio,Italy,South,OFF-PA-10000908,Office Supplies,Paper,"Xerox Note Cards, Premium",131.85,5,0,26.25
5717,ES-2022-5009576,8/26/2022,8/30/2022,Standard Class,MT-18070,Michelle Tran,Home Office,Reggio nell'Emilia,Emilia-Romagna,Italy,South,OFF-LA-10003132,Office Supplies,Labels,"Smead Round Labels, Laser Printer Compatible",34.5,5,0,12.3
5766,IT-2021-4962578,11/16/2021,11/21/2021,Standard Class,DV-13045,Darrin Van Huff,Corporate,Florence,Tuscany,Italy,South,FUR-CH-10004606,Furniture,Chairs,"Hon Rocking Chair, Red",104.496,2,0.6,-135.864
5788,ES-2022-2455390,11/5/2022,11/12/2022,Standard Class,TP-21130,Theone Pippenger,Consumer,Messina,Sicily,Italy,South,FUR-BO-10004914,Furniture,Bookcases,"Bush 3-Shelf Cabinet, Traditional",430.11,3,0,94.59
5789,ES-2022-2455390,11/5/2022,11/12/2022,Standard Class,TP-21130,Theone Pippenger,Consumer,Messina,Sicily,Italy,South,OFF-BI-10000323,Office Supplies,Binders,"Wilson Jones 3-Hole Punch, Clear",82.35,3,0,23.04
5793,ES-2022-4624372,6/5/2022,6/10/2022,Standard Class,LH-17020,Lisa Hazard,Consumer,Pisa,Tuscany,Italy,South,OFF-SU-10003277,Office Supplies,Supplies,"Elite Ruler, Serrated",31.5,3,0,5.67
5796,ES-2019-2382517,9/7/2019,9/11/2019,Standard Class,MR-17545,Mathew Reese,Home Office,Reggio nell'Emilia,Emilia-Romagna,Italy,South,OFF-AR-10000307,Office Supplies,Art,"Binney & Smith Markers, Easy-Erase",73.08,3,0,29.16
5797,ES-2019-2382517,9/7/2019,9/11/2019,Standard Class,MR-17545,Mathew Reese,Home Office,Reggio nell'Emilia,Emilia-Romagna,Italy,South,TEC-AC-10004880,Technology,Accessories,"Logitech Keyboard, Programmable",665.55,9,0,66.42
5798,ES-2019-2382517,9/7/2019,9/11/2019,Standard Class,MR-17545,Mathew Reese,Home Office,Reggio nell'Emilia,Emilia-Romagna,Italy,South,OFF-AR-10003005,Office Supplies,Art,"Boston Markers, Fluorescent",193.41,7,0,28.98
5799,ES-2019-2382517,9/7/2019,9/11/2019,Standard Class,MR-17545,Mathew Reese,Home Office,Reggio nell'Emilia,Emilia-Romagna,Italy,South,OFF-LA-10004007,Office Supplies,Labels,"Harbour Creations Color Coded Labels, Adjustable",54,5,0,7.5
5800,ES-2019-2382517,9/7/2019,9/11/2019,Standard Class,MR-17545,Mathew Reese,Home Office,Reggio nell'Emilia,Emilia-Romagna,Italy,South,OFF-ST-10001974,Office Supplies,Storage,"Rogers File Cart, Industrial",254.88,3,0.4,-97.74
5801,ES-2019-2382517,9/7/2019,9/11/2019,Standard Class,MR-17545,Mathew Reese,Home Office,Reggio nell'Emilia,Emilia-Romagna,Italy,South,OFF-BI-10002193,Office Supplies,Binders,"Wilson Jones Hole Reinforcements, Recycled",9.78,2,0,2.34
5802,ES-2019-5953080,5/18/2019,5/24/2019,Standard Class,DK-12895,Dana Kaydos,Consumer,Milan,Lombardy,Italy,South,OFF-BI-10000289,Office Supplies,Binders,"Wilson Jones Binder Covers, Recycled",34.65,3,0,8.28
5803,ES-2019-5953080,5/18/2019,5/24/2019,Standard Class,DK-12895,Dana Kaydos,Consumer,Milan,Lombardy,Italy,South,OFF-PA-10004589,Office Supplies,Paper,"Green Bar Computer Printout Paper, Multicolor",62.34,2,0,14.28
5804,ES-2019-5953080,5/18/2019,5/24/2019,Standard Class,DK-12895,Dana Kaydos,Consumer,Milan,Lombardy,Italy,South,TEC-PH-10002586,Technology,Phones,"Nokia Office Telephone, with Caller ID",78.156,2,0.4,-46.944
5808,ES-2022-1224526,5/5/2022,5/12/2022,Standard Class,TH-21100,Thea Hendricks,Consumer,Rome,Lazio,Italy,South,TEC-PH-10001732,Technology,Phones,"Samsung Audio Dock, Cordless",407.232,4,0.4,-149.328
5809,ES-2022-5514154,1/9/2022,1/14/2022,Standard Class,HR-14830,Harold Ryan,Corporate,Cagliari,Sardinia,Italy,South,OFF-FA-10004339,Office Supplies,Fasteners,"Stockwell Staples, Metal",63.18,6,0,16.92
5810,ES-2022-5514154,1/9/2022,1/14/2022,Standard Class,HR-14830,Harold Ryan,Corporate,Cagliari,Sardinia,Italy,South,FUR-TA-10004005,Furniture,Tables,"Bevis Coffee Table, Rectangular",631.5,4,0.5,-113.7
5811,ES-2022-5514154,1/9/2022,1/14/2022,Standard Class,HR-14830,Harold Ryan,Corporate,Cagliari,Sardinia,Italy,South,TEC-MA-10000327,Technology,Machines,"Epson Phone, Durable",145.962,3,0.4,-63.288
5812,ES-2022-5514154,1/9/2022,1/14/2022,Standard Class,HR-14830,Harold Ryan,Corporate,Cagliari,Sardinia,Italy,South,OFF-AR-10001462,Office Supplies,Art,"Stanley Highlighters, Fluorescent",15.96,1,0,5.88
5828,ES-2021-2603153,12/9/2021,12/16/2021,Standard Class,SP-20545,Sibella Parks,Corporate,Naples,Campania,Italy,South,OFF-ST-10001597,Office Supplies,Storage,"Tenex Box, Single Width",39.672,4,0.4,3.192
5829,IT-2022-4905567,8/22/2022,8/26/2022,Second Class,SS-20140,Saphhira Shifley,Corporate,Acireale,Sicily,Italy,South,TEC-PH-10002586,Technology,Phones,"Nokia Office Telephone, with Caller ID",195.39,5,0.4,-117.36
5833,ES-2019-5227949,8/28/2019,9/3/2019,Standard Class,TM-21010,Tamara Manning,Consumer,Palermo,Sicily,Italy,South,FUR-BO-10004445,Furniture,Bookcases,"Bush Stackable Bookrack, Pine",630.15,5,0,132.3
5852,ES-2019-2542245,6/12/2019,6/12/2019,Same Day,TB-21355,Todd Boyes,Corporate,Milan,Lombardy,Italy,South,OFF-BI-10001717,Office Supplies,Binders,"Avery Hole Reinforcements, Durable",17.73,3,0,6.3
5853,IT-2021-3723600,10/11/2021,10/15/2021,Standard Class,DB-13360,Dennis Bolton,Home Office,Taranto,Apulia,Italy,South,OFF-ST-10002271,Office Supplies,Storage,"Rogers Shelving, Wire Frame",36.72,1,0.4,-5.52
5855,ES-2022-1213914,5/24/2022,5/29/2022,Standard Class,CR-12580,Clay Rozendal,Home Office,Lecce,Apulia,Italy,South,OFF-AP-10004511,Office Supplies,Appliances,"Cuisinart Refrigerator, Black",1486.53,3,0,624.33
5858,ES-2021-4798193,7/6/2021,7/9/2021,Second Class,CB-12415,Christy Brittain,Consumer,Turin,Piedmont,Italy,South,OFF-EN-10003817,Office Supplies,Envelopes,"Jiffy Business Envelopes, Security-Tint",31.92,2,0,1.86
5859,ES-2021-4798193,7/6/2021,7/9/2021,Second Class,CB-12415,Christy Brittain,Consumer,Turin,Piedmont,Italy,South,TEC-CO-10003516,Technology,Copiers,"Sharp Ink, High-Speed",490.44,4,0,39.12
5881,ES-2021-2105318,4/5/2021,4/9/2021,Standard Class,AG-10300,Aleksandra Gannaway,Corporate,Bari,Apulia,Italy,South,OFF-AR-10000594,Office Supplies,Art,"Binney & Smith Highlighters, Water Color",79.08,4,0,33.12
5882,ES-2021-2105318,4/5/2021,4/9/2021,Standard Class,AG-10300,Aleksandra Gannaway,Corporate,Bari,Apulia,Italy,South,TEC-CO-10004563,Technology,Copiers,"HP Copy Machine, Color",1225.65,5,0,416.7
5883,ES-2021-2105318,4/5/2021,4/9/2021,Standard Class,AG-10300,Aleksandra Gannaway,Corporate,Bari,Apulia,Italy,South,FUR-FU-10000612,Furniture,Furnishings,"Tenex Frame, Black",329.94,3,0,16.47
5893,ES-2022-2965756,6/7/2022,6/12/2022,Second Class,AJ-10960,Astrea Jones,Consumer,Bolzano,Trentino-Alto Adige,Italy,South,FUR-BO-10003905,Furniture,Bookcases,"Ikea Stackable Bookrack, Mobile",875.7,7,0,420.21
5894,ES-2022-2965756,6/7/2022,6/12/2022,Second Class,AJ-10960,Astrea Jones,Consumer,Bolzano,Trentino-Alto Adige,Italy,South,FUR-FU-10001760,Furniture,Furnishings,"Tenex Light Bulb, Black",18.93,1,0,5.67
5895,ES-2022-2965756,6/7/2022,6/12/2022,Second Class,AJ-10960,Astrea Jones,Consumer,Bolzano,Trentino-Alto Adige,Italy,South,OFF-ST-10001025,Office Supplies,Storage,"Tenex Trays, Single Width",97.632,3,0.4,-3.258
5896,ES-2022-2965756,6/7/2022,6/12/2022,Second Class,AJ-10960,Astrea Jones,Consumer,Bolzano,Trentino-Alto Adige,Italy,South,OFF-AR-10003630,Office Supplies,Art,"Stanley Sketch Pad, Easy-Erase",134.1,3,0,25.47
5919,ES-2022-1854100,9/6/2022,9/6/2022,Same Day,ME-17320,Maria Etezadi,Home Office,Trento,Trentino-Alto Adige,Italy,South,FUR-BO-10001392,Furniture,Bookcases,"Sauder Classic Bookcase, Traditional",1307.97,3,0,536.22
5920,ES-2022-1854100,9/6/2022,9/6/2022,Same Day,ME-17320,Maria Etezadi,Home Office,Trento,Trentino-Alto Adige,Italy,South,FUR-CH-10002002,Furniture,Chairs,"Hon Rocking Chair, Black",153.828,3,0.6,-84.672
5921,ES-2022-1854100,9/6/2022,9/6/2022,Same Day,ME-17320,Maria Etezadi,Home Office,Trento,Trentino-Alto Adige,Italy,South,TEC-MA-10002435,Technology,Machines,"Epson Receipt Printer, Wireless",351.09,5,0.4,-93.66
5922,ES-2022-1854100,9/6/2022,9/6/2022,Same Day,ME-17320,Maria Etezadi,Home Office,Trento,Trentino-Alto Adige,Italy,South,OFF-PA-10003920,Office Supplies,Paper,"Xerox Parchment Paper, Premium",39.78,3,0,12.69
5923,ES-2022-1854100,9/6/2022,9/6/2022,Same Day,ME-17320,Maria Etezadi,Home Office,Trento,Trentino-Alto Adige,Italy,South,FUR-CH-10003114,Furniture,Chairs,"Harbour Creations Swivel Stool, Red",216.144,3,0.6,-135.126
5944,ES-2019-3074997,7/28/2019,8/1/2019,Second Class,AH-10690,Anna Häberlin,Corporate,Grosseto,Tuscany,Italy,South,OFF-LA-10004709,Office Supplies,Labels,"Avery Round Labels, Laser Printer Compatible",42.84,6,0,10.62
5948,ES-2021-1449332,9/20/2021,9/24/2021,Standard Class,RW-19690,Robert Waldorf,Consumer,Milan,Lombardy,Italy,South,OFF-PA-10003518,Office Supplies,Paper,"Enermax Computer Printout Paper, Multicolor",119.52,4,0,3.48
5955,ES-2019-1259965,6/23/2019,6/28/2019,Standard Class,JA-15970,Joseph Airdo,Consumer,Messina,Sicily,Italy,South,OFF-AR-10002681,Office Supplies,Art,"Stanley Canvas, Fluorescent",152.19,3,0,48.69
6000,ES-2020-2404634,10/28/2020,10/28/2020,Same Day,FH-14365,Fred Hopkins,Corporate,Acireale,Sicily,Italy,South,OFF-PA-10001795,Office Supplies,Paper,"Green Bar Message Books, Premium",118.95,5,0,11.85
6024,ES-2022-1808409,7/14/2022,7/16/2022,Second Class,JK-15205,Jamie Kunitz,Consumer,Rome,Lazio,Italy,South,OFF-LA-10004727,Office Supplies,Labels,"Hon File Folder Labels, Laser Printer Compatible",25.92,3,0,3.06
6025,ES-2022-1808409,7/14/2022,7/16/2022,Second Class,JK-15205,Jamie Kunitz,Consumer,Rome,Lazio,Italy,South,FUR-BO-10003007,Furniture,Bookcases,"Ikea Stackable Bookrack, Metal",366.12,3,0,84.15
6026,ES-2022-1808409,7/14/2022,7/16/2022,Second Class,JK-15205,Jamie Kunitz,Consumer,Rome,Lazio,Italy,South,TEC-CO-10000178,Technology,Copiers,"Hewlett Ink, Laser",446.04,3,0,53.46
6058,ES-2022-5265328,6/30/2022,7/4/2022,Standard Class,FC-14335,Fred Chung,Corporate,Gela,Sicily,Italy,South,OFF-AP-10003298,Office Supplies,Appliances,"KitchenAid Coffee Grinder, Black",139.8,2,0,57.3
6059,ES-2021-5085939,10/16/2021,10/19/2021,First Class,TC-21535,Tracy Collins,Home Office,Rome,Lazio,Italy,South,OFF-EN-10002104,Office Supplies,Envelopes,"Cameo Mailers, with clear poly window",417,10,0,16.5
6063,ES-2021-2316903,12/19/2021,12/23/2021,Standard Class,MM-18055,Michelle Moray,Consumer,Rome,Lazio,Italy,South,TEC-MA-10002779,Technology,Machines,"Panasonic Receipt Printer, Red",283.32,4,0.4,42.48
6097,ES-2022-5688470,11/14/2022,11/16/2022,First Class,AG-10675,Anna Gayman,Consumer,Viterbo,Lazio,Italy,South,OFF-BI-10004220,Office Supplies,Binders,"Cardinal 3-Hole Punch, Recycled",145.8,5,0,42.15
6098,ES-2022-5688470,11/14/2022,11/16/2022,First Class,AG-10675,Anna Gayman,Consumer,Viterbo,Lazio,Italy,South,OFF-ST-10004577,Office Supplies,Storage,"Tenex Shelving, Wire Frame",96.714,3,0.4,-45.216
6101,IT-2022-4180265,8/22/2022,8/24/2022,Second Class,LW-16990,Lindsay Williams,Corporate,Perugia,Umbria,Italy,South,FUR-CH-10004536,Furniture,Chairs,"Novimex Bag Chairs, Set of Two",57.852,3,0.6,-52.128
6102,IT-2022-4180265,8/22/2022,8/24/2022,Second Class,LW-16990,Lindsay Williams,Corporate,Perugia,Umbria,Italy,South,TEC-PH-10000493,Technology,Phones,"Apple Smart Phone, Full Size",765,2,0.4,-153
6103,IT-2022-4180265,8/22/2022,8/24/2022,Second Class,LW-16990,Lindsay Williams,Corporate,Perugia,Umbria,Italy,South,OFF-PA-10002196,Office Supplies,Paper,"Green Bar Message Books, Recycled",118.5,5,0,42.6
6114,IT-2022-2185471,10/7/2022,10/8/2022,First Class,TB-21175,Thomas Boland,Corporate,Pozzuoli,Campania,Italy,South,FUR-BO-10003559,Furniture,Bookcases,"Sauder Stackable Bookrack, Pine",597.36,4,0,226.92
6115,IT-2022-2185471,10/7/2022,10/8/2022,First Class,TB-21175,Thomas Boland,Corporate,Pozzuoli,Campania,Italy,South,OFF-EN-10000927,Office Supplies,Envelopes,"Ames Business Envelopes, Set of 50",109.08,6,0,31.5
6125,ES-2021-3323529,8/12/2021,8/16/2021,Standard Class,HA-14905,Helen Abelman,Consumer,Genoa,Liguria,Italy,South,FUR-BO-10004055,Furniture,Bookcases,"Safco Corner Shelving, Metal",297.84,2,0,74.46
6126,ES-2021-3323529,8/12/2021,8/16/2021,Standard Class,HA-14905,Helen Abelman,Consumer,Genoa,Liguria,Italy,South,OFF-AR-10004115,Office Supplies,Art,"Sanford Markers, Blue",116.25,5,0,22.05
6141,ES-2022-5405782,9/3/2022,9/7/2022,Standard Class,CY-12745,Craig Yedwab,Corporate,Pescara,Abruzzi,Italy,South,OFF-AR-10004519,Office Supplies,Art,"Boston Canvas, Fluorescent",274.5,5,0,49.35
6142,ES-2022-5405782,9/3/2022,9/7/2022,Standard Class,CY-12745,Craig Yedwab,Corporate,Pescara,Abruzzi,Italy,South,OFF-FA-10002895,Office Supplies,Fasteners,"Accos Staples, 12 Pack",51.9,5,0,10.8
6160,ES-2021-1853161,7/30/2021,8/4/2021,Second Class,AC-10615,Ann Chong,Corporate,Chioggia,Veneto,Italy,South,OFF-ST-10001255,Office Supplies,Storage,"Fellowes Trays, Single Width",137.808,4,0.4,22.968
6176,IT-2022-5100651,7/1/2022,7/4/2022,Second Class,AG-10525,Andy Gerbode,Corporate,Treviglio,Lombardy,Italy,South,TEC-PH-10004583,Technology,Phones,"Motorola Smart Phone, Cordless",771.336,2,0.4,-424.284
6235,ES-2020-1965184,4/1/2020,4/6/2020,Standard Class,CM-12190,Charlotte Melton,Consumer,Florence,Tuscany,Italy,South,OFF-LA-10003132,Office Supplies,Labels,"Smead Round Labels, Laser Printer Compatible",20.7,3,0,7.38
6236,ES-2020-1965184,4/1/2020,4/6/2020,Standard Class,CM-12190,Charlotte Melton,Consumer,Florence,Tuscany,Italy,South,OFF-BI-10000341,Office Supplies,Binders,"Ibico Binding Machine, Recycled",258.9,5,0,46.5
6256,ES-2022-3661350,7/11/2022,7/16/2022,Standard Class,EH-13765,Edward Hooks,Corporate,Pescara,Abruzzi,Italy,South,FUR-BO-10002812,Furniture,Bookcases,"Sauder 3-Shelf Cabinet, Pine",504.09,3,0,115.92
6273,ES-2020-5499117,12/4/2020,12/7/2020,Second Class,DP-13000,Darren Powers,Consumer,Naples,Campania,Italy,South,OFF-ST-10002340,Office Supplies,Storage,"Fellowes Shelving, Industrial",34.992,1,0.4,2.322
6274,ES-2020-5499117,12/4/2020,12/7/2020,Second Class,DP-13000,Darren Powers,Consumer,Naples,Campania,Italy,South,FUR-TA-10002912,Furniture,Tables,"Lesro Conference Table, Fully Assembled",859.05,2,0.5,-790.35
6275,ES-2020-5499117,12/4/2020,12/7/2020,Second Class,DP-13000,Darren Powers,Consumer,Naples,Campania,Italy,South,OFF-ST-10002042,Office Supplies,Storage,"Fellowes Folders, Industrial",112.896,7,0.4,-32.004
6276,ES-2020-5499117,12/4/2020,12/7/2020,Second Class,DP-13000,Darren Powers,Consumer,Naples,Campania,Italy,South,OFF-ST-10001646,Office Supplies,Storage,"Fellowes Box, Wire Frame",33.75,3,0.4,3.33
6277,ES-2020-5499117,12/4/2020,12/7/2020,Second Class,DP-13000,Darren Powers,Consumer,Naples,Campania,Italy,South,FUR-FU-10004313,Furniture,Furnishings,"Eldon Light Bulb, Duo Pack",75.78,3,0,30.24
6278,ES-2019-2333773,5/22/2019,5/28/2019,Standard Class,GT-14635,Grant Thornton,Corporate,Rome,Lazio,Italy,South,OFF-BI-10002083,Office Supplies,Binders,"Acco Hole Reinforcements, Economy",46.62,7,0,3.99
6279,ES-2019-2333773,5/22/2019,5/28/2019,Standard Class,GT-14635,Grant Thornton,Corporate,Rome,Lazio,Italy,South,OFF-BI-10000115,Office Supplies,Binders,"Acco Hole Reinforcements, Clear",24.48,4,0,0.96
6280,IT-2021-1376966,8/14/2021,8/18/2021,Standard Class,AS-10240,Alan Shonely,Consumer,Venice,Veneto,Italy,South,OFF-ST-10001576,Office Supplies,Storage,"Tenex Folders, Blue",41.796,3,0.4,-4.914
6281,IT-2021-1376966,8/14/2021,8/18/2021,Standard Class,AS-10240,Alan Shonely,Consumer,Venice,Veneto,Italy,South,OFF-ST-10002271,Office Supplies,Storage,"Rogers Shelving, Wire Frame",110.16,3,0.4,-16.56
6282,IT-2021-1376966,8/14/2021,8/18/2021,Standard Class,AS-10240,Alan Shonely,Consumer,Venice,Veneto,Italy,South,FUR-TA-10003790,Furniture,Tables,"Bevis Computer Table, Fully Assembled",989.04,4,0.5,-435.24
6320,ES-2022-1470462,7/2/2022,7/6/2022,Standard Class,DK-13090,Dave Kipp,Consumer,Sassari,Sardinia,Italy,South,OFF-SU-10003632,Office Supplies,Supplies,"Acme Letter Opener, Easy Grip",222.81,7,0,62.37
6335,IT-2022-5768200,9/9/2022,9/14/2022,Second Class,BF-11215,Benjamin Farhat,Home Office,Rome,Lazio,Italy,South,OFF-ST-10002720,Office Supplies,Storage,"Rogers Shelving, Blue",149.112,4,0.4,-87.048
6336,IT-2022-5768200,9/9/2022,9/14/2022,Second Class,BF-11215,Benjamin Farhat,Home Office,Rome,Lazio,Italy,South,OFF-AR-10000399,Office Supplies,Art,"Stanley Canvas, Water Color",157.95,3,0,69.48
6337,IT-2022-5768200,9/9/2022,9/14/2022,Second Class,BF-11215,Benjamin Farhat,Home Office,Rome,Lazio,Italy,South,OFF-AR-10003031,Office Supplies,Art,"Binney & Smith Pens, Fluorescent",52.8,4,0,0.96
6353,ES-2022-5802920,11/25/2022,11/27/2022,First Class,NM-18520,Neoma Murray,Consumer,Pomezia,Lazio,Italy,South,OFF-LA-10003283,Office Supplies,Labels,"Harbour Creations Removable Labels, Adjustable",82.5,10,0,11.4
6367,ES-2022-1272297,6/9/2022,6/12/2022,First Class,BO-11425,Bobby Odegard,Consumer,Rome,Lazio,Italy,South,OFF-LA-10002752,Office Supplies,Labels,"Smead Legal Exhibit Labels, 5000 Label Set",34.47,3,0,6.48
6368,ES-2022-1272297,6/9/2022,6/12/2022,First Class,BO-11425,Bobby Odegard,Consumer,Rome,Lazio,Italy,South,OFF-BI-10001833,Office Supplies,Binders,"Ibico Hole Reinforcements, Recycled",22.05,3,0,6.75
6386,IT-2020-4635720,1/25/2020,2/1/2020,Standard Class,LF-17185,Luke Foster,Consumer,Naples,Campania,Italy,South,TEC-MA-10003121,Technology,Machines,"StarTech Card Printer, Wireless",294.3,3,0.4,-63.81
6404,ES-2021-3022350,3/26/2021,3/31/2021,Standard Class,TR-21325,Toby Ritter,Consumer,Palermo,Sicily,Italy,South,OFF-BI-10003899,Office Supplies,Binders,"Avery 3-Hole Punch, Recycled",28.23,1,0,0
6405,ES-2021-3022350,3/26/2021,3/31/2021,Standard Class,TR-21325,Toby Ritter,Consumer,Palermo,Sicily,Italy,South,TEC-MA-10003558,Technology,Machines,"Panasonic Calculator, Durable",60.48,2,0.4,-26.22
6406,ES-2021-3022350,3/26/2021,3/31/2021,Standard Class,TR-21325,Toby Ritter,Consumer,Palermo,Sicily,Italy,South,OFF-BI-10000042,Office Supplies,Binders,"Cardinal Index Tab, Clear",36.3,5,0,12.6
6407,ES-2021-3022350,3/26/2021,3/31/2021,Standard Class,TR-21325,Toby Ritter,Consumer,Palermo,Sicily,Italy,South,FUR-BO-10000265,Furniture,Bookcases,"Bush Floating Shelf Set, Pine",345.24,2,0,106.98
6410,ES-2020-4286133,9/5/2020,9/9/2020,Standard Class,SP-20920,Susan Pistek,Consumer,Genoa,Liguria,Italy,South,TEC-CO-10004005,Technology,Copiers,"Sharp Copy Machine, Laser",956.16,4,0,124.2
6434,IT-2021-1799384,6/18/2021,6/20/2021,Second Class,TT-21070,Ted Trevino,Consumer,Milan,Lombardy,Italy,South,OFF-ST-10003132,Office Supplies,Storage,"Fellowes Box, Blue",47.232,4,0.4,-19.008
6438,IT-2022-1966077,8/7/2022,8/11/2022,Standard Class,DB-12910,Daniel Byrd,Home Office,Parma,Emilia-Romagna,Italy,South,FUR-CH-10003499,Furniture,Chairs,"SAFCO Swivel Stool, Red",134.352,2,0.6,-33.588
6439,IT-2022-1966077,8/7/2022,8/11/2022,Standard Class,DB-12910,Daniel Byrd,Home Office,Parma,Emilia-Romagna,Italy,South,OFF-ST-10001999,Office Supplies,Storage,"Tenex Folders, Wire Frame",26.748,2,0.4,3.528
6440,IT-2022-1966077,8/7/2022,8/11/2022,Standard Class,DB-12910,Daniel Byrd,Home Office,Parma,Emilia-Romagna,Italy,South,OFF-AP-10001692,Office Supplies,Appliances,"KitchenAid Stove, Black",1708.74,3,0,563.85
6441,IT-2022-1966077,8/7/2022,8/11/2022,Standard Class,DB-12910,Daniel Byrd,Home Office,Parma,Emilia-Romagna,Italy,South,FUR-BO-10000786,Furniture,Bookcases,"Sauder Stackable Bookrack, Pine",592.68,4,0,213.36
6444,ES-2022-1111594,1/22/2022,1/26/2022,Standard Class,BS-11755,Bruce Stewart,Consumer,Falconara Marittima,Marche,Italy,South,OFF-AR-10000980,Office Supplies,Art,"Sanford Pencil Sharpener, Water Color",26.1,1,0,6.78
6457,ES-2021-1250006,6/24/2021,6/30/2021,Standard Class,EB-13975,Erica Bern,Corporate,Rome,Lazio,Italy,South,OFF-ST-10001255,Office Supplies,Storage,"Fellowes Trays, Single Width",68.904,2,0.4,11.484
6483,ES-2020-4896870,8/7/2020,8/12/2020,Standard Class,LR-16915,Lena Radford,Consumer,Rome,Lazio,Italy,South,OFF-PA-10004694,Office Supplies,Paper,"Green Bar Cards & Envelopes, 8.5 x 11",105.06,2,0,18.9
6484,ES-2020-4896870,8/7/2020,8/12/2020,Standard Class,LR-16915,Lena Radford,Consumer,Rome,Lazio,Italy,South,FUR-FU-10000605,Furniture,Furnishings,"Rubbermaid Light Bulb, Black",75.36,4,0,33.84
6493,ES-2020-3231653,11/23/2020,11/25/2020,First Class,DB-13405,Denny Blanton,Consumer,Rome,Lazio,Italy,South,OFF-SU-10003924,Office Supplies,Supplies,"Elite Trimmer, Steel",82.14,2,0,40.2
6494,ES-2020-3231653,11/23/2020,11/25/2020,First Class,DB-13405,Denny Blanton,Consumer,Rome,Lazio,Italy,South,OFF-BI-10001568,Office Supplies,Binders,"Ibico Binder Covers, Economy",27.3,2,0,3.78
6498,ES-2019-2835499,4/19/2019,4/21/2019,Second Class,TS-21430,Tom Stivers,Corporate,Brindisi,Apulia,Italy,South,OFF-FA-10001892,Office Supplies,Fasteners,"Advantus Clamps, Metal",38.82,2,0,17.82
6499,ES-2019-2835499,4/19/2019,4/21/2019,Second Class,TS-21430,Tom Stivers,Corporate,Brindisi,Apulia,Italy,South,TEC-AC-10003711,Technology,Accessories,"Memorex Mouse, Erganomic",311.76,12,0,12.24
6500,ES-2019-2835499,4/19/2019,4/21/2019,Second Class,TS-21430,Tom Stivers,Corporate,Brindisi,Apulia,Italy,South,OFF-ST-10003785,Office Supplies,Storage,"Eldon Lockers, Blue",474.984,4,0.4,-237.576
6501,ES-2019-2835499,4/19/2019,4/21/2019,Second Class,TS-21430,Tom Stivers,Corporate,Brindisi,Apulia,Italy,South,OFF-PA-10003868,Office Supplies,Paper,"SanDisk Cards & Envelopes, Recycled",241.65,5,0,9.6
6502,ES-2019-2835499,4/19/2019,4/21/2019,Second Class,TS-21430,Tom Stivers,Corporate,Brindisi,Apulia,Italy,South,OFF-AR-10002672,Office Supplies,Art,"Boston Highlighters, Blue",56.61,3,0,14.13
6503,ES-2019-2835499,4/19/2019,4/21/2019,Second Class,TS-21430,Tom Stivers,Corporate,Brindisi,Apulia,Italy,South,OFF-BI-10000312,Office Supplies,Binders,"Cardinal Binder Covers, Economy",24,2,0,0.96
6504,ES-2019-2835499,4/19/2019,4/21/2019,Second Class,TS-21430,Tom Stivers,Corporate,Brindisi,Apulia,Italy,South,OFF-ST-10003305,Office Supplies,Storage,"Rogers Box, Blue",57.528,4,0.4,-36.552
6512,IT-2019-5027623,6/11/2019,6/12/2019,First Class,GD-14590,Giulietta Dortch,Corporate,Brindisi,Apulia,Italy,South,OFF-AR-10003247,Office Supplies,Art,"Boston Highlighters, Water Color",132.3,6,0,23.76
6535,ES-2021-1469005,8/12/2021,8/17/2021,Second Class,MC-17635,Matthew Clasen,Corporate,Modena,Emilia-Romagna,Italy,South,OFF-EN-10004051,Office Supplies,Envelopes,"Ames Manila Envelope, Set of 50",49.38,2,0,3.9
6588,IT-2021-3505199,10/7/2021,10/13/2021,Standard Class,JJ-15445,Jennifer Jackson,Consumer,Cesena,Emilia-Romagna,Italy,South,TEC-PH-10001014,Technology,Phones,"Cisco Speaker Phone, with Caller ID",166.176,2,0.4,-99.744
6602,ES-2022-4218857,11/6/2022,11/11/2022,Standard Class,BD-11620,Brian DeCherney,Consumer,Bari,Apulia,Italy,South,OFF-EN-10004981,Office Supplies,Envelopes,"Ames Interoffice Envelope, with clear poly window",97.32,2,0,31.14
6618,ES-2021-4686025,6/19/2021,6/21/2021,First Class,SB-20185,Sarah Brown,Consumer,Tivoli,Lazio,Italy,South,FUR-FU-10001366,Furniture,Furnishings,"Advantus Photo Frame, Duo Pack",159.12,3,0,60.39
6619,ES-2021-4686025,6/19/2021,6/21/2021,First Class,SB-20185,Sarah Brown,Consumer,Tivoli,Lazio,Italy,South,OFF-FA-10002248,Office Supplies,Fasteners,"Stockwell Staples, Assorted Sizes",24.75,3,0,10.62
6621,ES-2022-4303897,5/7/2022,5/7/2022,Same Day,JB-16000,Joy Bell-,Consumer,Velletri,Lazio,Italy,South,OFF-EN-10004667,Office Supplies,Envelopes,"Kraft Interoffice Envelope, Set of 50",187.68,4,0,41.28
6622,ES-2022-4303897,5/7/2022,5/7/2022,Same Day,JB-16000,Joy Bell-,Consumer,Velletri,Lazio,Italy,South,OFF-BI-10003763,Office Supplies,Binders,"Ibico Index Tab, Economy",41.64,4,0,14.04
6623,ES-2022-4303897,5/7/2022,5/7/2022,Same Day,JB-16000,Joy Bell-,Consumer,Velletri,Lazio,Italy,South,OFF-BI-10002570,Office Supplies,Binders,"Acco Binder Covers, Clear",89.46,7,0,38.43
6624,ES-2022-4303897,5/7/2022,5/7/2022,Same Day,JB-16000,Joy Bell-,Consumer,Velletri,Lazio,Italy,South,OFF-ST-10002555,Office Supplies,Storage,"Eldon Lockers, Industrial",595.17,5,0.4,89.22
6625,ES-2022-4303897,5/7/2022,5/7/2022,Same Day,JB-16000,Joy Bell-,Consumer,Velletri,Lazio,Italy,South,OFF-ST-10004482,Office Supplies,Storage,"Rogers Shelving, Industrial",37.566,1,0.4,-6.264
6650,ES-2021-5746961,9/20/2021,9/25/2021,Standard Class,CS-12250,Chris Selesnick,Corporate,Busto Arsizio,Lombardy,Italy,South,TEC-AC-10003763,Technology,Accessories,"Logitech Mouse, Programmable",123.12,4,0,33.24
6665,ES-2022-4682575,3/28/2022,4/1/2022,Standard Class,RS-19420,Ricardo Sperren,Corporate,Milan,Lombardy,Italy,South,TEC-CO-10002269,Technology,Copiers,"Brother Ink, Color",297.48,2,0,145.74
6666,ES-2022-4682575,3/28/2022,4/1/2022,Standard Class,RS-19420,Ricardo Sperren,Corporate,Milan,Lombardy,Italy,South,OFF-LA-10001413,Office Supplies,Labels,"Hon Shipping Labels, Laser Printer Compatible",11.37,1,0,3.18
6667,ES-2022-4682575,3/28/2022,4/1/2022,Standard Class,RS-19420,Ricardo Sperren,Corporate,Milan,Lombardy,Italy,South,OFF-BI-10001804,Office Supplies,Binders,"Avery Binder, Recycled",26.52,2,0,12.18
6677,ES-2021-1586127,1/25/2021,1/30/2021,Standard Class,MS-17710,Maurice Satty,Consumer,Portici,Campania,Italy,South,OFF-LA-10001541,Office Supplies,Labels,"Avery Removable Labels, 5000 Label Set",55.65,5,0,13.8
6684,ES-2021-1218192,7/8/2021,7/10/2021,Second Class,ZC-21910,Zuschuss Carroll,Consumer,Rome,Lazio,Italy,South,OFF-AR-10004492,Office Supplies,Art,"BIC Canvas, Blue",268.5,5,0,21.45
6685,ES-2021-1218192,7/8/2021,7/10/2021,Second Class,ZC-21910,Zuschuss Carroll,Consumer,Rome,Lazio,Italy,South,TEC-CO-10004034,Technology,Copiers,"Canon Fax Machine, High-Speed",949.77,3,0,113.94
6686,ES-2021-1218192,7/8/2021,7/10/2021,Second Class,ZC-21910,Zuschuss Carroll,Consumer,Rome,Lazio,Italy,South,TEC-PH-10002035,Technology,Phones,"Samsung Smart Phone, Cordless",2683.8,7,0.4,-1476.09
6687,ES-2021-1218192,7/8/2021,7/10/2021,Second Class,ZC-21910,Zuschuss Carroll,Consumer,Rome,Lazio,Italy,South,TEC-AC-10004203,Technology,Accessories,"Logitech Flash Drive, Bluetooth",91.53,3,0,39.33
6688,ES-2021-1218192,7/8/2021,7/10/2021,Second Class,ZC-21910,Zuschuss Carroll,Consumer,Rome,Lazio,Italy,South,OFF-ST-10001999,Office Supplies,Storage,"Tenex Folders, Wire Frame",53.496,4,0.4,7.056
6716,ES-2022-5218104,11/10/2022,11/16/2022,Standard Class,MF-17665,Maureen Fritzler,Corporate,Savona,Liguria,Italy,South,OFF-BI-10000308,Office Supplies,Binders,"Cardinal Binder Covers, Durable",27,2,0,8.64
6717,ES-2022-5218104,11/10/2022,11/16/2022,Standard Class,MF-17665,Maureen Fritzler,Corporate,Savona,Liguria,Italy,South,OFF-ST-10000130,Office Supplies,Storage,"Eldon Trays, Wire Frame",84.672,3,0.4,-1.458
6730,ES-2019-2071029,6/28/2019,7/2/2019,Standard Class,SC-20680,Steve Carroll,Home Office,Gallarate,Lombardy,Italy,South,TEC-CO-10000070,Technology,Copiers,"Hewlett Copy Machine, High-Speed",527.34,2,0,131.82
6759,ES-2022-4210004,3/4/2022,3/8/2022,Standard Class,DK-13090,Dave Kipp,Consumer,Milan,Lombardy,Italy,South,OFF-AR-10002255,Office Supplies,Art,"Boston Sketch Pad, Water Color",155.34,3,0,4.59
6816,ES-2021-3496655,5/30/2021,6/4/2021,Standard Class,JB-15400,Jennifer Braxton,Corporate,Viterbo,Lazio,Italy,South,TEC-CO-10004042,Technology,Copiers,"Brother Wireless Fax, Laser",2272.86,6,0,840.78
6817,ES-2021-3496655,5/30/2021,6/4/2021,Standard Class,JB-15400,Jennifer Braxton,Corporate,Viterbo,Lazio,Italy,South,OFF-BI-10002193,Office Supplies,Binders,"Wilson Jones Hole Reinforcements, Recycled",9.78,2,0,2.34
6818,ES-2021-3496655,5/30/2021,6/4/2021,Standard Class,JB-15400,Jennifer Braxton,Corporate,Viterbo,Lazio,Italy,South,TEC-MA-10000110,Technology,Machines,"StarTech Phone, Wireless",134.136,3,0.4,-71.604
6819,ES-2021-3496655,5/30/2021,6/4/2021,Standard Class,JB-15400,Jennifer Braxton,Corporate,Viterbo,Lazio,Italy,South,OFF-AP-10004464,Office Supplies,Appliances,"Cuisinart Stove, White",1609.29,3,0,273.51
6824,ES-2021-2933065,12/27/2021,1/2/2022,Standard Class,AG-10495,Andrew Gjertsen,Corporate,Cosenza,Calabria,Italy,South,TEC-AC-10003666,Technology,Accessories,"Memorex Router, Bluetooth",738.63,3,0,280.62
6825,ES-2021-2933065,12/27/2021,1/2/2022,Standard Class,AG-10495,Andrew Gjertsen,Corporate,Cosenza,Calabria,Italy,South,OFF-ST-10000632,Office Supplies,Storage,"Rogers Shelving, Single Width",74.592,2,0.4,-39.828
6826,ES-2021-2933065,12/27/2021,1/2/2022,Standard Class,AG-10495,Andrew Gjertsen,Corporate,Cosenza,Calabria,Italy,South,OFF-AR-10003113,Office Supplies,Art,"Binney & Smith Pens, Blue",23.88,2,0,10.02
6833,ES-2022-5269284,12/12/2022,12/16/2022,Standard Class,GM-14440,Gary McGarr,Consumer,Venice,Veneto,Italy,South,OFF-AR-10004881,Office Supplies,Art,"Stanley Sketch Pad, Blue",311.01,7,0,102.48
6834,ES-2022-5269284,12/12/2022,12/16/2022,Standard Class,GM-14440,Gary McGarr,Consumer,Venice,Veneto,Italy,South,FUR-CH-10003062,Furniture,Chairs,"Novimex Chairmat, Red",180.288,8,0.6,-135.312
6835,ES-2022-3096832,7/4/2022,7/9/2022,Standard Class,BW-11065,Barry Weirich,Consumer,Catania,Sicily,Italy,South,OFF-AR-10002145,Office Supplies,Art,"Binney & Smith Sketch Pad, Fluorescent",95.16,2,0,4.74
6836,ES-2022-3096832,7/4/2022,7/9/2022,Standard Class,BW-11065,Barry Weirich,Consumer,Catania,Sicily,Italy,South,TEC-MA-10000811,Technology,Machines,"Okidata Phone, Durable",208.728,4,0.4,-62.712
6837,ES-2022-3096832,7/4/2022,7/9/2022,Standard Class,BW-11065,Barry Weirich,Consumer,Catania,Sicily,Italy,South,TEC-AC-10001402,Technology,Accessories,"Memorex Numeric Keypad, Bluetooth",45.42,1,0,17.25
6838,ES-2022-3096832,7/4/2022,7/9/2022,Standard Class,BW-11065,Barry Weirich,Consumer,Catania,Sicily,Italy,South,TEC-AC-10001187,Technology,Accessories,"Memorex Keyboard, USB",143.1,2,0,5.7
6839,ES-2022-3096832,7/4/2022,7/9/2022,Standard Class,BW-11065,Barry Weirich,Consumer,Catania,Sicily,Italy,South,OFF-PA-10004470,Office Supplies,Paper,"Green Bar Cards & Envelopes, Recycled",144.9,3,0,15.93
6840,ES-2022-3096832,7/4/2022,7/9/2022,Standard Class,BW-11065,Barry Weirich,Consumer,Catania,Sicily,Italy,South,OFF-FA-10003505,Office Supplies,Fasteners,"OIC Thumb Tacks, Metal",42.57,3,0,8.46
6841,ES-2022-3096832,7/4/2022,7/9/2022,Standard Class,BW-11065,Barry Weirich,Consumer,Catania,Sicily,Italy,South,OFF-ST-10001646,Office Supplies,Storage,"Fellowes Box, Wire Frame",33.75,3,0.4,3.33
6848,ES-2020-4406013,8/5/2020,8/8/2020,First Class,FC-14245,Frank Carlisle,Home Office,Cuneo,Piedmont,Italy,South,OFF-AR-10000715,Office Supplies,Art,"Boston Markers, Blue",52.74,2,0,21.6
6880,IT-2019-1780558,5/26/2019,5/30/2019,Standard Class,JC-16105,Julie Creighton,Corporate,Naples,Campania,Italy,South,OFF-ST-10000085,Office Supplies,Storage,"Rogers File Cart, Single Width",255.744,3,0.4,-102.366
6881,IT-2019-1780558,5/26/2019,5/30/2019,Standard Class,JC-16105,Julie Creighton,Corporate,Naples,Campania,Italy,South,OFF-AR-10002991,Office Supplies,Art,"Binney & Smith Markers, Blue",24.09,1,0,4.56
6882,IT-2019-1780558,5/26/2019,5/30/2019,Standard Class,JC-16105,Julie Creighton,Corporate,Naples,Campania,Italy,South,TEC-PH-10002312,Technology,Phones,"Samsung Audio Dock, with Caller ID",600.588,6,0.4,-370.512
6883,IT-2019-1780558,5/26/2019,5/30/2019,Standard Class,JC-16105,Julie Creighton,Corporate,Naples,Campania,Italy,South,TEC-AC-10002738,Technology,Accessories,"Belkin Memory Card, Programmable",697.86,6,0,209.34
6884,IT-2019-1780558,5/26/2019,5/30/2019,Standard Class,JC-16105,Julie Creighton,Corporate,Naples,Campania,Italy,South,OFF-AR-10000833,Office Supplies,Art,"Binney & Smith Pencil Sharpener, Water Color",59.7,2,0,13.68
6921,ES-2022-2421154,12/24/2022,12/24/2022,Same Day,GZ-14470,Gary Zandusky,Consumer,Reggio nell'Emilia,Emilia-Romagna,Italy,South,FUR-BO-10000967,Furniture,Bookcases,"Ikea Library with Doors, Pine",2553.18,7,0,842.52
6922,ES-2022-2421154,12/24/2022,12/24/2022,Same Day,GZ-14470,Gary Zandusky,Consumer,Reggio nell'Emilia,Emilia-Romagna,Italy,South,OFF-AR-10000724,Office Supplies,Art,"Boston Pens, Fluorescent",30.96,2,0,5.22
6973,ES-2019-3729382,12/7/2019,12/9/2019,Second Class,CM-11815,Candace McMahon,Corporate,Foggia,Apulia,Italy,South,TEC-PH-10002222,Technology,Phones,"Cisco Office Telephone, VoIP",48.33,1,0.4,0.78
6974,ES-2019-3729382,12/7/2019,12/9/2019,Second Class,CM-11815,Candace McMahon,Corporate,Foggia,Apulia,Italy,South,OFF-BI-10002718,Office Supplies,Binders,"Avery Binder, Durable",28.8,2,0,1.44
6975,ES-2019-3729382,12/7/2019,12/9/2019,Second Class,CM-11815,Candace McMahon,Corporate,Foggia,Apulia,Italy,South,TEC-PH-10002663,Technology,Phones,"Nokia Signal Booster, VoIP",245.862,3,0.4,-49.248
6988,IT-2019-2013704,6/8/2019,6/14/2019,Standard Class,ED-13885,Emily Ducich,Home Office,Palermo,Sicily,Italy,South,OFF-ST-10000872,Office Supplies,Storage,"Fellowes File Cart, Single Width",164.808,2,0.4,-109.872
6989,IT-2019-2013704,6/8/2019,6/14/2019,Standard Class,ED-13885,Emily Ducich,Home Office,Palermo,Sicily,Italy,South,TEC-CO-10003474,Technology,Copiers,"Brother Personal Copier, Digital",712.65,5,0,14.25
6990,IT-2019-2013704,6/8/2019,6/14/2019,Standard Class,ED-13885,Emily Ducich,Home Office,Palermo,Sicily,Italy,South,OFF-BI-10002894,Office Supplies,Binders,"Avery Binding Machine, Durable",151.02,3,0,9
7005,IT-2021-5279277,8/11/2021,8/16/2021,Standard Class,HR-14830,Harold Ryan,Corporate,Milan,Lombardy,Italy,South,OFF-ST-10000632,Office Supplies,Storage,"Rogers Shelving, Single Width",111.888,3,0.4,-59.742
7006,IT-2021-5279277,8/11/2021,8/16/2021,Standard Class,HR-14830,Harold Ryan,Corporate,Milan,Lombardy,Italy,South,OFF-PA-10004124,Office Supplies,Paper,"Xerox Message Books, Multicolor",21.78,1,0,2.61
7075,ES-2022-4272383,10/14/2022,10/20/2022,Standard Class,EM-13810,Eleni McCrary,Corporate,Messina,Sicily,Italy,South,OFF-AP-10004464,Office Supplies,Appliances,"Cuisinart Stove, White",1072.86,2,0,182.34
7076,ES-2022-4272383,10/14/2022,10/20/2022,Standard Class,EM-13810,Eleni McCrary,Corporate,Messina,Sicily,Italy,South,TEC-MA-10002844,Technology,Machines,"Okidata Receipt Printer, White",145.584,2,0.4,-82.536
7079,ES-2019-1138719,1/11/2019,1/16/2019,Standard Class,EM-13960,Eric Murdock,Consumer,Genoa,Liguria,Italy,South,OFF-BI-10001833,Office Supplies,Binders,"Ibico Hole Reinforcements, Recycled",22.05,3,0,6.75
7093,IT-2022-4907444,12/26/2022,1/1/2023,Standard Class,BP-11050,Barry Pond,Corporate,Ferrara,Emilia-Romagna,Italy,South,FUR-CH-10000214,Furniture,Chairs,"Harbour Creations Bag Chairs, Black",23.676,1,0.6,-30.204
7116,ES-2021-3496655,3/27/2021,3/31/2021,Second Class,GD-14590,Giulietta Dortch,Corporate,Carpi,Emilia-Romagna,Italy,South,FUR-TA-10000323,Furniture,Tables,"Lesro Round Table, Fully Assembled",453.48,2,0.5,0
7125,ES-2020-4133534,2/7/2020,2/11/2020,Standard Class,AH-10585,Angele Hood,Consumer,Ferrara,Emilia-Romagna,Italy,South,OFF-SU-10000105,Office Supplies,Supplies,"Fiskars Shears, Easy Grip",246.3,5,0,24.6
7141,ES-2020-1885168,8/7/2020,8/12/2020,Second Class,DM-13015,Darrin Martin,Consumer,Brindisi,Apulia,Italy,South,OFF-AR-10002640,Office Supplies,Art,"Boston Pens, Blue",71.1,5,0,1.35
7142,ES-2020-1885168,8/7/2020,8/12/2020,Second Class,DM-13015,Darrin Martin,Consumer,Brindisi,Apulia,Italy,South,OFF-ST-10004996,Office Supplies,Storage,"Tenex Trays, Blue",195.156,6,0.4,-61.884
7158,IT-2021-4580060,9/19/2021,9/21/2021,Second Class,CK-12205,Chloris Kastensmidt,Consumer,Naples,Campania,Italy,South,OFF-ST-10004409,Office Supplies,Storage,"Rogers Box, Industrial",73.35,5,0.4,-48.9
7192,ES-2020-4797383,9/25/2020,9/29/2020,Second Class,DG-13300,Deirdre Greer,Corporate,Milan,Lombardy,Italy,South,OFF-AR-10004492,Office Supplies,Art,"BIC Canvas, Blue",268.5,5,0,21.45
7193,ES-2020-4797383,9/25/2020,9/29/2020,Second Class,DG-13300,Deirdre Greer,Corporate,Milan,Lombardy,Italy,South,TEC-MA-10003121,Technology,Machines,"StarTech Card Printer, Wireless",294.3,3,0.4,-63.81
7194,ES-2020-4797383,9/25/2020,9/29/2020,Second Class,DG-13300,Deirdre Greer,Corporate,Milan,Lombardy,Italy,South,FUR-FU-10002017,Furniture,Furnishings,"Rubbermaid Door Stop, Duo Pack",219.3,5,0,15.3
7208,IT-2020-3676319,5/22/2020,5/26/2020,Standard Class,YC-21895,Yoseph Carroll,Corporate,Palermo,Sicily,Italy,South,OFF-ST-10002539,Office Supplies,Storage,"Fellowes Shelving, Single Width",69.444,2,0.4,-16.236
7225,IT-2021-5153136,8/21/2021,8/27/2021,Standard Class,RP-19390,Resi Pölking,Consumer,Genoa,Liguria,Italy,South,OFF-EN-10003069,Office Supplies,Envelopes,"Ames Mailers, Set of 50",107.55,3,0,15.03
7300,ES-2020-4508011,9/29/2020,10/5/2020,Standard Class,BD-11500,Bradley Drucker,Consumer,Trieste,Friuli-Venezia Giulia,Italy,South,OFF-BI-10000538,Office Supplies,Binders,"Acco Binding Machine, Clear",151.65,3,0,16.65
7366,ES-2021-1950281,9/11/2021,9/14/2021,First Class,RM-19750,Roland Murray,Consumer,Faenza,Emilia-Romagna,Italy,South,OFF-BI-10000341,Office Supplies,Binders,"Ibico Binding Machine, Recycled",51.78,1,0,9.3
7371,ES-2021-4255605,6/14/2021,6/18/2021,Second Class,BE-11335,Bill Eplett,Home Office,Trani,Apulia,Italy,South,OFF-AR-10000659,Office Supplies,Art,"BIC Pencil Sharpener, Fluorescent",242.16,8,0,82.32
7374,ES-2022-2710870,4/11/2022,4/14/2022,First Class,JR-15670,Jim Radford,Consumer,Turin,Piedmont,Italy,South,TEC-MA-10001881,Technology,Machines,"Konica Card Printer, Red",206.784,2,0.4,-58.596
7393,ES-2019-2587200,3/17/2019,3/22/2019,Standard Class,Dl-13600,Dorris liebe,Corporate,Bari,Apulia,Italy,South,OFF-SU-10003252,Office Supplies,Supplies,"Fiskars Trimmer, Steel",83.4,2,0,9.96
7405,IT-2019-4318512,8/13/2019,8/19/2019,Standard Class,SD-20485,Shirley Daniels,Home Office,Como,Lombardy,Italy,South,OFF-ST-10004550,Office Supplies,Storage,"Fellowes Folders, Wire Frame",61.128,4,0.4,-14.352
7408,ES-2022-1160253,9/30/2022,10/3/2022,Second Class,AH-10195,Alan Haines,Corporate,Rome,Lazio,Italy,South,OFF-AR-10003117,Office Supplies,Art,"BIC Pencil Sharpener, Blue",145.05,5,0,59.4
7424,ES-2019-4915337,11/2/2019,11/7/2019,Standard Class,JG-15115,Jack Garza,Consumer,Messina,Sicily,Italy,South,FUR-BO-10000022,Furniture,Bookcases,"Dania Floating Shelf Set, Traditional",677.4,4,0,60.96
7425,ES-2019-4915337,11/2/2019,11/7/2019,Standard Class,JG-15115,Jack Garza,Consumer,Messina,Sicily,Italy,South,OFF-ST-10000624,Office Supplies,Storage,"Eldon File Cart, Single Width",770.22,10,0.4,38.22
7426,ES-2019-4915337,11/2/2019,11/7/2019,Standard Class,JG-15115,Jack Garza,Consumer,Messina,Sicily,Italy,South,TEC-CO-10003124,Technology,Copiers,"Canon Ink, Laser",588.6,4,0,276.6
7427,ES-2019-4915337,11/2/2019,11/7/2019,Standard Class,JG-15115,Jack Garza,Consumer,Messina,Sicily,Italy,South,OFF-SU-10001578,Office Supplies,Supplies,"Stiletto Shears, High Speed",144.27,3,0,12.96
7428,ES-2019-4915337,11/2/2019,11/7/2019,Standard Class,JG-15115,Jack Garza,Consumer,Messina,Sicily,Italy,South,OFF-ST-10004695,Office Supplies,Storage,"Fellowes File Cart, Blue",494.316,6,0.4,-0.144
7458,ES-2019-4384804,7/13/2019,7/19/2019,Standard Class,CB-12415,Christy Brittain,Consumer,Marsala,Sicily,Italy,South,TEC-AC-10000397,Technology,Accessories,"Enermax Mouse, USB",81,2,0,9.72
7459,ES-2019-4384804,7/13/2019,7/19/2019,Standard Class,CB-12415,Christy Brittain,Consumer,Marsala,Sicily,Italy,South,OFF-BI-10002511,Office Supplies,Binders,"Avery 3-Hole Punch, Clear",191.31,7,0,24.78
7460,IT-2020-2429268,2/19/2020,2/23/2020,Second Class,FH-14365,Fred Hopkins,Corporate,Perugia,Umbria,Italy,South,OFF-ST-10004550,Office Supplies,Storage,"Fellowes Folders, Wire Frame",61.128,4,0.4,-14.352
7461,IT-2020-2429268,2/19/2020,2/23/2020,Second Class,FH-14365,Fred Hopkins,Corporate,Perugia,Umbria,Italy,South,OFF-SU-10002214,Office Supplies,Supplies,"Stiletto Box Cutter, Serrated",65.34,2,0,30
7462,IT-2020-2429268,2/19/2020,2/23/2020,Second Class,FH-14365,Fred Hopkins,Corporate,Perugia,Umbria,Italy,South,OFF-LA-10002974,Office Supplies,Labels,"Avery File Folder Labels, Laser Printer Compatible",9.12,1,0,3.99
7470,IT-2021-1350483,9/5/2021,9/7/2021,Second Class,SB-20290,Sean Braxton,Corporate,Treviso,Veneto,Italy,South,OFF-ST-10002539,Office Supplies,Storage,"Fellowes Shelving, Single Width",69.444,2,0.4,-16.236
7471,IT-2021-1350483,9/5/2021,9/7/2021,Second Class,SB-20290,Sean Braxton,Corporate,Treviso,Veneto,Italy,South,TEC-CO-10003800,Technology,Copiers,"Hewlett Wireless Fax, Color",2671.41,7,0,534.24
7482,ES-2022-4387160,1/8/2022,1/15/2022,Standard Class,EB-14170,Evan Bailliet,Consumer,Milan,Lombardy,Italy,South,OFF-LA-10000134,Office Supplies,Labels,"Harbour Creations Removable Labels, 5000 Label Set",31.05,3,0,11.16
7483,ES-2022-4387160,1/8/2022,1/15/2022,Standard Class,EB-14170,Evan Bailliet,Consumer,Milan,Lombardy,Italy,South,FUR-BO-10001831,Furniture,Bookcases,"Sauder Floating Shelf Set, Metal",388.08,2,0,93.12
7490,ES-2022-4358524,6/6/2022,6/10/2022,Standard Class,AB-10105,Adrian Barton,Consumer,Bari,Apulia,Italy,South,OFF-AR-10001529,Office Supplies,Art,"Binney & Smith Pencil Sharpener, Easy-Erase",55.86,2,0,6.12
7491,ES-2022-4358524,6/6/2022,6/10/2022,Standard Class,AB-10105,Adrian Barton,Consumer,Bari,Apulia,Italy,South,TEC-AC-10001666,Technology,Accessories,"Memorex Numeric Keypad, Erganomic",373.68,8,0,59.76
7538,ES-2021-2562616,9/23/2021,9/28/2021,Standard Class,LW-16990,Lindsay Williams,Corporate,Milan,Lombardy,Italy,South,OFF-LA-10001402,Office Supplies,Labels,"Smead Color Coded Labels, 5000 Label Set",26.88,2,0,4.56
7606,IT-2022-3087072,12/13/2022,12/19/2022,Standard Class,MH-18115,Mick Hernandez,Home Office,Rome,Lazio,Italy,South,OFF-ST-10001478,Office Supplies,Storage,"Tenex File Cart, Single Width",241.488,3,0.4,-124.812
7607,IT-2022-3087072,12/13/2022,12/19/2022,Standard Class,MH-18115,Mick Hernandez,Home Office,Rome,Lazio,Italy,South,OFF-SU-10003130,Office Supplies,Supplies,"Acme Trimmer, Serrated",206.4,5,0,24.75
7627,ES-2022-4357731,8/15/2022,8/15/2022,Same Day,LH-16900,Lena Hernandez,Consumer,Trieste,Friuli-Venezia Giulia,Italy,South,OFF-SU-10003115,Office Supplies,Supplies,"Acme Scissors, Serrated",110.7,5,0,6.6
7634,IT-2020-3091951,3/20/2020,3/25/2020,Standard Class,DJ-13510,Don Jones,Corporate,Rome,Lazio,Italy,South,TEC-PH-10003353,Technology,Phones,"Motorola Office Telephone, Cordless",134.298,3,0.4,-31.392
7635,IT-2020-3091951,3/20/2020,3/25/2020,Standard Class,DJ-13510,Don Jones,Corporate,Rome,Lazio,Italy,South,OFF-PA-10000034,Office Supplies,Paper,"Xerox Cards & Envelopes, Multicolor",139.14,3,0,13.86
7639,ES-2019-5506008,11/5/2019,11/7/2019,Second Class,MH-17455,Mark Hamilton,Consumer,Cinisello Balsamo,Lombardy,Italy,South,OFF-SU-10001909,Office Supplies,Supplies,"Fiskars Scissors, Steel",45.12,2,0,22.08
7642,ES-2021-4147391,8/31/2021,9/2/2021,Second Class,AF-10885,Art Foster,Consumer,Venice,Veneto,Italy,South,OFF-PA-10004589,Office Supplies,Paper,"Green Bar Computer Printout Paper, Multicolor",31.17,1,0,7.14
7643,ES-2021-4147391,8/31/2021,9/2/2021,Second Class,AF-10885,Art Foster,Consumer,Venice,Veneto,Italy,South,TEC-CO-10000967,Technology,Copiers,"HP Fax Machine, Laser",599.88,2,0,239.94
7647,IT-2022-2354924,1/20/2022,1/24/2022,Standard Class,MH-18025,Michelle Huthwaite,Consumer,Naples,Campania,Italy,South,OFF-ST-10000695,Office Supplies,Storage,"Rogers Lockers, Wire Frame",252.828,2,0.4,-63.252
7648,IT-2022-2354924,1/20/2022,1/24/2022,Standard Class,MH-18025,Michelle Huthwaite,Consumer,Naples,Campania,Italy,South,OFF-ST-10003153,Office Supplies,Storage,"Tenex File Cart, Single Width",565.362,7,0.4,65.772
7663,ES-2021-3711605,8/12/2021,8/14/2021,First Class,NM-18520,Neoma Murray,Consumer,Rome,Lazio,Italy,South,OFF-LA-10003699,Office Supplies,Labels,"Smead File Folder Labels, Adjustable",13.56,2,0,0.78
7664,ES-2021-3711605,8/12/2021,8/14/2021,First Class,NM-18520,Neoma Murray,Consumer,Rome,Lazio,Italy,South,OFF-PA-10002842,Office Supplies,Paper,"Eaton Parchment Paper, Recycled",26.76,2,0,7.74
7665,ES-2021-3711605,8/12/2021,8/14/2021,First Class,NM-18520,Neoma Murray,Consumer,Rome,Lazio,Italy,South,OFF-AR-10000785,Office Supplies,Art,"BIC Sketch Pad, Water Color",259.2,5,0,38.85
7666,ES-2021-3711605,8/12/2021,8/14/2021,First Class,NM-18520,Neoma Murray,Consumer,Rome,Lazio,Italy,South,OFF-ST-10002905,Office Supplies,Storage,"Rogers Box, Single Width",28.8,2,0.4,-13.44
7667,ES-2021-3711605,8/12/2021,8/14/2021,First Class,NM-18520,Neoma Murray,Consumer,Rome,Lazio,Italy,South,TEC-MA-10000002,Technology,Machines,"Epson Card Printer, Durable",306.126,3,0.4,-30.654
7683,ES-2021-1220787,4/29/2021,5/1/2021,First Class,MC-18100,Mick Crebagga,Consumer,Boscoreale,Campania,Italy,South,TEC-CO-10003268,Technology,Copiers,"HP Fax and Copier, Color",174.33,1,0,71.46
7684,ES-2021-1220787,4/29/2021,5/1/2021,First Class,MC-18100,Mick Crebagga,Consumer,Boscoreale,Campania,Italy,South,TEC-AC-10002738,Technology,Accessories,"Belkin Memory Card, Programmable",232.62,2,0,69.78
7689,IT-2020-2008620,3/15/2020,3/16/2020,First Class,ME-17320,Maria Etezadi,Home Office,Gallarate,Lombardy,Italy,South,FUR-CH-10004606,Furniture,Chairs,"Hon Rocking Chair, Red",156.744,3,0.6,-203.796
7690,IT-2020-2008620,3/15/2020,3/16/2020,First Class,ME-17320,Maria Etezadi,Home Office,Gallarate,Lombardy,Italy,South,TEC-CO-10000500,Technology,Copiers,"Canon Fax and Copier, High-Speed",947.7,5,0,66.3
7695,ES-2022-5904288,5/3/2022,5/5/2022,Second Class,TH-21235,Tiffany House,Corporate,Lucca,Tuscany,Italy,South,OFF-AR-10002156,Office Supplies,Art,"Stanley Highlighters, Blue",102.9,7,0,20.58
7704,ES-2021-2571754,12/4/2021,12/6/2021,First Class,CW-11905,Carl Weiss,Home Office,Milan,Lombardy,Italy,South,OFF-LA-10004929,Office Supplies,Labels,"Novimex Color Coded Labels, Laser Printer Compatible",62.1,5,0,14.85
7717,ES-2020-2155276,3/25/2020,3/27/2020,Second Class,GR-14560,Georgia Rosenberg,Corporate,Reggio nell'Emilia,Emilia-Romagna,Italy,South,OFF-PA-10004069,Office Supplies,Paper,"SanDisk Parchment Paper, 8.5 x 11",166.8,8,0,24.96
7733,ES-2021-4135987,2/22/2021,2/24/2021,Second Class,KE-16420,Katrina Edelman,Corporate,Venice,Veneto,Italy,South,OFF-FA-10000856,Office Supplies,Fasteners,"Stockwell Thumb Tacks, Bulk Pack",54.12,4,0,16.68
7734,ES-2021-4135987,2/22/2021,2/24/2021,Second Class,KE-16420,Katrina Edelman,Corporate,Venice,Veneto,Italy,South,OFF-AR-10003829,Office Supplies,Art,"Stanley Markers, Fluorescent",46.92,2,0,15.9
7735,ES-2021-4135987,2/22/2021,2/24/2021,Second Class,KE-16420,Katrina Edelman,Corporate,Venice,Veneto,Italy,South,OFF-AR-10000799,Office Supplies,Art,"Sanford Highlighters, Easy-Erase",48.06,3,0,1.89
7744,IT-2019-3076849,6/1/2019,6/6/2019,Standard Class,JR-15700,Jocasta Rupert,Consumer,Rome,Lazio,Italy,South,OFF-ST-10003641,Office Supplies,Storage,"Fellowes Trays, Wire Frame",101.628,3,0.4,-25.452
7745,IT-2019-3076849,6/1/2019,6/6/2019,Standard Class,JR-15700,Jocasta Rupert,Consumer,Rome,Lazio,Italy,South,TEC-CO-10001567,Technology,Copiers,"Brother Copy Machine, Laser",523.86,2,0,5.22
7754,ES-2020-4586186,11/9/2020,11/13/2020,Standard Class,LW-17215,Luke Weiss,Consumer,Torre del Greco,Campania,Italy,South,OFF-SU-10004524,Office Supplies,Supplies,"Kleencut Box Cutter, High Speed",173.25,5,0,0
7763,ES-2019-3947498,12/13/2019,12/18/2019,Standard Class,AG-10495,Andrew Gjertsen,Corporate,Ravenna,Emilia-Romagna,Italy,South,OFF-BI-10003917,Office Supplies,Binders,"Wilson Jones 3-Hole Punch, Recycled",141.75,5,0,42.45
7764,ES-2019-3947498,12/13/2019,12/18/2019,Standard Class,AG-10495,Andrew Gjertsen,Corporate,Ravenna,Emilia-Romagna,Italy,South,OFF-BI-10002047,Office Supplies,Binders,"Acco Index Tab, Durable",26.82,3,0,5.85
7767,ES-2019-5497239,1/22/2019,1/26/2019,Standard Class,PS-18970,Paul Stevenson,Home Office,Prato,Tuscany,Italy,South,OFF-AR-10001190,Office Supplies,Art,"Boston Canvas, Easy-Erase",53.91,1,0,12.39
7768,ES-2019-5497239,1/22/2019,1/26/2019,Standard Class,PS-18970,Paul Stevenson,Home Office,Prato,Tuscany,Italy,South,FUR-BO-10003991,Furniture,Bookcases,"Bush Classic Bookcase, Traditional",825.36,2,0,338.34
7769,ES-2019-5497239,1/22/2019,1/26/2019,Standard Class,PS-18970,Paul Stevenson,Home Office,Prato,Tuscany,Italy,South,OFF-ST-10003102,Office Supplies,Storage,"Rogers Lockers, Single Width",888.93,7,0.4,59.22
7771,IT-2020-1319120,10/17/2020,10/21/2020,Standard Class,MS-17710,Maurice Satty,Consumer,Como,Lombardy,Italy,South,TEC-MA-10004933,Technology,Machines,"Konica Phone, Wireless",361.998,7,0.4,-120.792
7772,IT-2020-1319120,10/17/2020,10/21/2020,Standard Class,MS-17710,Maurice Satty,Consumer,Como,Lombardy,Italy,South,OFF-ST-10003132,Office Supplies,Storage,"Fellowes Box, Blue",11.808,1,0.4,-4.752
7773,IT-2020-1319120,10/17/2020,10/21/2020,Standard Class,MS-17710,Maurice Satty,Consumer,Como,Lombardy,Italy,South,FUR-FU-10004604,Furniture,Furnishings,"Deflect-O Clock, Erganomic",244.65,5,0,21.9
7823,IT-2022-5741451,12/14/2022,12/19/2022,Standard Class,EB-13870,Emily Burns,Consumer,Palermo,Sicily,Italy,South,TEC-MA-10001624,Technology,Machines,"Panasonic Phone, Red",98.388,2,0.4,-11.532
7824,IT-2022-5741451,12/14/2022,12/19/2022,Standard Class,EB-13870,Emily Burns,Consumer,Palermo,Sicily,Italy,South,FUR-BO-10000533,Furniture,Bookcases,"Dania Corner Shelving, Pine",493.68,4,0,54.24
7833,IT-2022-5410813,2/20/2022,2/27/2022,Standard Class,CM-11815,Candace McMahon,Corporate,Varese,Lombardy,Italy,South,TEC-MA-10003927,Technology,Machines,"StarTech Inkjet, Wireless",724.248,4,0.4,-446.712
7834,ES-2020-2130247,7/1/2020,7/5/2020,Standard Class,ST-20530,Shui Tom,Consumer,Pomezia,Lazio,Italy,South,OFF-LA-10002225,Office Supplies,Labels,"Hon Shipping Labels, 5000 Label Set",23.52,2,0,11.28
7835,ES-2020-2130247,7/1/2020,7/5/2020,Standard Class,ST-20530,Shui Tom,Consumer,Pomezia,Lazio,Italy,South,OFF-ST-10001478,Office Supplies,Storage,"Tenex File Cart, Single Width",241.488,3,0.4,-124.812
7836,ES-2020-2130247,7/1/2020,7/5/2020,Standard Class,ST-20530,Shui Tom,Consumer,Pomezia,Lazio,Italy,South,OFF-FA-10003463,Office Supplies,Fasteners,"OIC Thumb Tacks, Assorted Sizes",34.56,3,0,13.77
7837,ES-2020-2130247,7/1/2020,7/5/2020,Standard Class,ST-20530,Shui Tom,Consumer,Pomezia,Lazio,Italy,South,OFF-BI-10003951,Office Supplies,Binders,"Ibico 3-Hole Punch, Economy",91.35,3,0,45.63
7850,IT-2021-4191455,8/10/2021,8/14/2021,Standard Class,CM-12190,Charlotte Melton,Consumer,Tivoli,Lazio,Italy,South,FUR-CH-10001582,Furniture,Chairs,"Office Star Executive Leather Armchair, Black",560.916,3,0.6,-743.274
7851,IT-2021-4191455,8/10/2021,8/14/2021,Standard Class,CM-12190,Charlotte Melton,Consumer,Tivoli,Lazio,Italy,South,OFF-BI-10000171,Office Supplies,Binders,"Wilson Jones Index Tab, Recycled",20.43,3,0,5.67
7866,ES-2021-1253344,6/7/2021,6/11/2021,Standard Class,LH-17155,Logan Haushalter,Consumer,Turin,Piedmont,Italy,South,OFF-SU-10003209,Office Supplies,Supplies,"Elite Scissors, Easy Grip",24.15,1,0,11.1
7871,ES-2020-4070273,11/17/2020,11/21/2020,Standard Class,MS-17365,Maribeth Schnelling,Consumer,Milan,Lombardy,Italy,South,TEC-AC-10000394,Technology,Accessories,"Belkin Numeric Keypad, Bluetooth",231,4,0,99.24
7872,ES-2020-4070273,11/17/2020,11/21/2020,Standard Class,MS-17365,Maribeth Schnelling,Consumer,Milan,Lombardy,Italy,South,OFF-ST-10000872,Office Supplies,Storage,"Fellowes File Cart, Single Width",576.828,7,0.4,-384.552
7886,ES-2021-3046064,12/10/2021,12/15/2021,Standard Class,CJ-11875,Carl Jackson,Corporate,Reggio nell'Emilia,Emilia-Romagna,Italy,South,OFF-AR-10000594,Office Supplies,Art,"Binney & Smith Highlighters, Water Color",19.77,1,0,8.28
7910,IT-2020-5084286,10/7/2020,10/11/2020,Standard Class,JH-16180,Justin Hirsh,Consumer,Foggia,Apulia,Italy,South,OFF-AR-10001002,Office Supplies,Art,"BIC Sketch Pad, Fluorescent",249.6,5,0,82.35
7911,IT-2020-5084286,10/7/2020,10/11/2020,Standard Class,JH-16180,Justin Hirsh,Consumer,Foggia,Apulia,Italy,South,OFF-BI-10001643,Office Supplies,Binders,"Acco Binder, Recycled",77.55,5,0,2.25
7912,IT-2020-5084286,10/7/2020,10/11/2020,Standard Class,JH-16180,Justin Hirsh,Consumer,Foggia,Apulia,Italy,South,FUR-TA-10004817,Furniture,Tables,"Lesro Coffee Table, with Bottom Storage",504,4,0.5,-272.16
7913,IT-2020-5084286,10/7/2020,10/11/2020,Standard Class,JH-16180,Justin Hirsh,Consumer,Foggia,Apulia,Italy,South,OFF-AR-10001578,Office Supplies,Art,"Sanford Pencil Sharpener, Fluorescent",77.49,3,0,27.09
7914,IT-2019-2051710,11/20/2019,11/22/2019,Second Class,DJ-13420,Denny Joy,Corporate,Bologna,Emilia-Romagna,Italy,South,FUR-TA-10002868,Furniture,Tables,"Barricks Coffee Table, Adjustable Height",607.38,4,0.5,-303.78
7915,IT-2019-2051710,11/20/2019,11/22/2019,Second Class,DJ-13420,Denny Joy,Corporate,Bologna,Emilia-Romagna,Italy,South,TEC-AC-10002844,Technology,Accessories,"SanDisk Flash Drive, USB",159,4,0,6.36
7916,IT-2019-2051710,11/20/2019,11/22/2019,Second Class,DJ-13420,Denny Joy,Corporate,Bologna,Emilia-Romagna,Italy,South,TEC-PH-10003683,Technology,Phones,"Motorola Audio Dock, VoIP",728.532,7,0.4,-133.728
7939,ES-2019-3945713,8/28/2019,8/30/2019,Second Class,DO-13645,Doug O'Connell,Consumer,Brindisi,Apulia,Italy,South,TEC-AC-10001100,Technology,Accessories,"Logitech Router, Bluetooth",741.96,3,0,59.31
7943,IT-2019-5084706,6/28/2019,7/4/2019,Standard Class,KB-16585,Ken Black,Corporate,Messina,Sicily,Italy,South,TEC-PH-10003683,Technology,Phones,"Motorola Audio Dock, VoIP",520.38,5,0.4,-95.52
7944,IT-2019-5084706,6/28/2019,7/4/2019,Standard Class,KB-16585,Ken Black,Corporate,Messina,Sicily,Italy,South,OFF-ST-10000130,Office Supplies,Storage,"Eldon Trays, Wire Frame",56.448,2,0.4,-0.972
7949,IT-2022-1860853,8/25/2022,8/30/2022,Second Class,AG-10495,Andrew Gjertsen,Corporate,Milan,Lombardy,Italy,South,TEC-PH-10004810,Technology,Phones,"Samsung Speaker Phone, Full Size",149.436,2,0.4,-39.864
7950,IT-2022-1860853,8/25/2022,8/30/2022,Second Class,AG-10495,Andrew Gjertsen,Corporate,Milan,Lombardy,Italy,South,OFF-SU-10000695,Office Supplies,Supplies,"Kleencut Trimmer, Serrated",190.65,5,0,51.45
7970,IT-2019-2852736,4/27/2019,5/3/2019,Standard Class,LS-16945,Linda Southworth,Corporate,Milan,Lombardy,Italy,South,FUR-CH-10003062,Furniture,Chairs,"Novimex Chairmat, Red",45.072,2,0.6,-33.828
7987,ES-2021-2847029,11/13/2021,11/18/2021,Standard Class,SC-20230,Scot Coram,Corporate,Turin,Piedmont,Italy,South,OFF-BI-10003440,Office Supplies,Binders,"Avery Binder Covers, Economy",77.49,7,0,23.94
7988,ES-2021-2847029,11/13/2021,11/18/2021,Standard Class,SC-20230,Scot Coram,Corporate,Turin,Piedmont,Italy,South,OFF-ST-10003147,Office Supplies,Storage,"Tenex Box, Blue",29.7,3,0.4,-7.47
7989,ES-2021-2847029,11/13/2021,11/18/2021,Standard Class,SC-20230,Scot Coram,Corporate,Turin,Piedmont,Italy,South,FUR-CH-10003848,Furniture,Chairs,"Office Star Rocking Chair, Adjustable",286.8,5,0.6,-172.2
8012,ES-2019-3158300,3/22/2019,3/24/2019,Second Class,DM-13015,Darrin Martin,Consumer,Cagliari,Sardinia,Italy,South,FUR-BO-10003554,Furniture,Bookcases,"Dania 3-Shelf Cabinet, Mobile",287.94,2,0,20.1
8024,ES-2022-2567540,6/11/2022,6/16/2022,Standard Class,JB-15400,Jennifer Braxton,Corporate,Portici,Campania,Italy,South,OFF-AR-10003066,Office Supplies,Art,"Sanford Markers, Water Color",105.72,4,0,9.48
8025,ES-2022-2567540,6/11/2022,6/16/2022,Standard Class,JB-15400,Jennifer Braxton,Corporate,Portici,Campania,Italy,South,OFF-BI-10004028,Office Supplies,Binders,"Ibico Index Tab, Durable",27.81,3,0,12.15
8026,ES-2022-2567540,6/11/2022,6/16/2022,Standard Class,JB-15400,Jennifer Braxton,Corporate,Portici,Campania,Italy,South,OFF-FA-10004175,Office Supplies,Fasteners,"Stockwell Push Pins, Assorted Sizes",45.72,4,0,19.56
8027,ES-2022-2567540,6/11/2022,6/16/2022,Standard Class,JB-15400,Jennifer Braxton,Corporate,Portici,Campania,Italy,South,OFF-EN-10002065,Office Supplies,Envelopes,"Ames Clasp Envelope, Set of 50",21.6,3,0,9.72
8028,ES-2022-2567540,6/11/2022,6/16/2022,Standard Class,JB-15400,Jennifer Braxton,Corporate,Portici,Campania,Italy,South,OFF-PA-10003920,Office Supplies,Paper,"Xerox Parchment Paper, Premium",39.78,3,0,12.69
8044,ES-2021-5506373,1/5/2021,1/7/2021,Second Class,RD-19660,Robert Dilbeck,Home Office,Turin,Piedmont,Italy,South,TEC-AC-10003554,Technology,Accessories,"Belkin Numeric Keypad, USB",277.8,5,0,41.55
8045,ES-2021-5506373,1/5/2021,1/7/2021,Second Class,RD-19660,Robert Dilbeck,Home Office,Turin,Piedmont,Italy,South,OFF-AP-10004201,Office Supplies,Appliances,"Breville Refrigerator, White",2069.88,4,0,413.88
8046,ES-2021-5506373,1/5/2021,1/7/2021,Second Class,RD-19660,Robert Dilbeck,Home Office,Turin,Piedmont,Italy,South,OFF-ST-10001025,Office Supplies,Storage,"Tenex Trays, Single Width",97.632,3,0.4,-3.258
8047,ES-2021-5506373,1/5/2021,1/7/2021,Second Class,RD-19660,Robert Dilbeck,Home Office,Turin,Piedmont,Italy,South,FUR-CH-10002002,Furniture,Chairs,"Hon Rocking Chair, Black",205.104,4,0.6,-112.896
8048,ES-2021-5506373,1/5/2021,1/7/2021,Second Class,RD-19660,Robert Dilbeck,Home Office,Turin,Piedmont,Italy,South,FUR-FU-10000188,Furniture,Furnishings,"Tenex Frame, Duo Pack",220.08,2,0,17.58
8059,IT-2022-3184181,12/5/2022,12/7/2022,Second Class,DK-13225,Dean Katz,Corporate,Agrigento,Sicily,Italy,South,OFF-ST-10002706,Office Supplies,Storage,"Fellowes File Cart, Wire Frame",245.484,3,0.4,-77.796
8060,IT-2022-3184181,12/5/2022,12/7/2022,Second Class,DK-13225,Dean Katz,Corporate,Agrigento,Sicily,Italy,South,OFF-PA-10002248,Office Supplies,Paper,"Green Bar Memo Slips, 8.5 x 11",147.63,7,0,72.24
8061,IT-2022-3184181,12/5/2022,12/7/2022,Second Class,DK-13225,Dean Katz,Corporate,Agrigento,Sicily,Italy,South,OFF-PA-10001971,Office Supplies,Paper,"Eaton Memo Slips, Premium",27.48,2,0,9.3
8078,ES-2019-3202814,9/18/2019,9/24/2019,Standard Class,ON-18715,Odella Nelson,Corporate,Vignola,Emilia-Romagna,Italy,South,OFF-BI-10001058,Office Supplies,Binders,"Ibico Binding Machine, Clear",152.64,3,0,70.2
8079,ES-2019-3202814,9/18/2019,9/24/2019,Standard Class,ON-18715,Odella Nelson,Corporate,Vignola,Emilia-Romagna,Italy,South,FUR-FU-10001090,Furniture,Furnishings,"Advantus Stacking Tray, Erganomic",117,5,0,36.15
8141,IT-2021-3913129,8/23/2021,8/28/2021,Standard Class,JF-15355,Jay Fein,Consumer,Ravenna,Emilia-Romagna,Italy,South,OFF-ST-10003785,Office Supplies,Storage,"Eldon Lockers, Blue",356.238,3,0.4,-178.182
8153,ES-2021-2509119,7/2/2021,7/4/2021,First Class,JM-15655,Jim Mitchum,Corporate,Florence,Tuscany,Italy,South,OFF-EN-10001979,Office Supplies,Envelopes,"Cameo Clasp Envelope, Security-Tint",83.37,7,0,19.95
8154,ES-2021-2509119,7/2/2021,7/4/2021,First Class,JM-15655,Jim Mitchum,Corporate,Florence,Tuscany,Italy,South,TEC-PH-10004505,Technology,Phones,"Nokia Smart Phone, Full Size",764.82,2,0.4,-369.72
8155,ES-2021-2509119,7/2/2021,7/4/2021,First Class,JM-15655,Jim Mitchum,Corporate,Florence,Tuscany,Italy,South,FUR-BO-10004254,Furniture,Bookcases,"Ikea Classic Bookcase, Traditional",1235.25,3,0,469.35
8156,ES-2021-2509119,7/2/2021,7/4/2021,First Class,JM-15655,Jim Mitchum,Corporate,Florence,Tuscany,Italy,South,OFF-ST-10003785,Office Supplies,Storage,"Eldon Lockers, Blue",474.984,4,0.4,-237.576
8157,ES-2021-2509119,7/2/2021,7/4/2021,First Class,JM-15655,Jim Mitchum,Corporate,Florence,Tuscany,Italy,South,OFF-FA-10004239,Office Supplies,Fasteners,"Advantus Staples, Metal",21.96,2,0,9
8169,IT-2022-2277753,6/28/2022,7/2/2022,Second Class,TW-21025,Tamara Willingham,Home Office,Palermo,Sicily,Italy,South,OFF-SU-10000304,Office Supplies,Supplies,"Kleencut Ruler, Serrated",41.04,4,0,10.2
8177,ES-2022-5706764,1/31/2022,2/4/2022,Standard Class,TC-21535,Tracy Collins,Home Office,Palermo,Sicily,Italy,South,OFF-BI-10003999,Office Supplies,Binders,"Avery Hole Reinforcements, Clear",23.22,6,0,2.16
8198,ES-2021-3515972,8/6/2021,8/10/2021,Standard Class,AH-10195,Alan Haines,Corporate,Bari,Apulia,Italy,South,OFF-EN-10004895,Office Supplies,Envelopes,"Kraft Mailers, Security-Tint",80.1,2,0,3.96
8199,ES-2021-3515972,8/6/2021,8/10/2021,Standard Class,AH-10195,Alan Haines,Corporate,Bari,Apulia,Italy,South,OFF-BI-10004541,Office Supplies,Binders,"Wilson Jones Binder, Durable",72.6,5,0,2.85
8200,ES-2022-5975016,12/12/2022,12/19/2022,Standard Class,BD-11500,Bradley Drucker,Consumer,Perugia,Umbria,Italy,South,FUR-FU-10003804,Furniture,Furnishings,"Rubbermaid Frame, Durable",213.84,2,0,53.46
8201,ES-2022-1879971,4/14/2022,4/16/2022,First Class,ON-18715,Odella Nelson,Corporate,Grosseto,Tuscany,Italy,South,TEC-AC-10000863,Technology,Accessories,"Enermax Numeric Keypad, Erganomic",58.83,1,0,6.45
8263,ES-2022-5329777,6/4/2022,6/7/2022,Second Class,KH-16510,Keith Herrera,Consumer,Pescara,Abruzzi,Italy,South,OFF-EN-10003087,Office Supplies,Envelopes,"Jiffy Peel and Seal, Security-Tint",44.82,2,0,4.92
8264,ES-2020-5064742,9/28/2020,10/3/2020,Standard Class,GB-14575,Giulietta Baptist,Consumer,Rome,Lazio,Italy,South,OFF-AR-10001462,Office Supplies,Art,"Stanley Highlighters, Fluorescent",47.88,3,0,17.64
8265,ES-2019-2972550,8/26/2019,8/31/2019,Standard Class,PC-19000,Pauline Chand,Home Office,Crotone,Calabria,Italy,South,OFF-BI-10004233,Office Supplies,Binders,"Avery Index Tab, Economy",31.32,4,0,12.84
8266,ES-2019-2972550,8/26/2019,8/31/2019,Standard Class,PC-19000,Pauline Chand,Home Office,Crotone,Calabria,Italy,South,OFF-EN-10000673,Office Supplies,Envelopes,"Cameo Business Envelopes, Recycled",47.25,3,0,21.24
8267,ES-2019-2972550,8/26/2019,8/31/2019,Standard Class,PC-19000,Pauline Chand,Home Office,Crotone,Calabria,Italy,South,OFF-FA-10000227,Office Supplies,Fasteners,"OIC Clamps, Metal",39.78,2,0,17.88
8268,ES-2019-2972550,8/26/2019,8/31/2019,Standard Class,PC-19000,Pauline Chand,Home Office,Crotone,Calabria,Italy,South,OFF-ST-10003641,Office Supplies,Storage,"Fellowes Trays, Wire Frame",101.628,3,0.4,-25.452
8290,ES-2021-4688767,1/10/2021,1/12/2021,First Class,SS-20515,Shirley Schmidt,Home Office,Palermo,Sicily,Italy,South,OFF-BI-10004554,Office Supplies,Binders,"Avery Index Tab, Clear",18.99,3,0,0.72
8312,ES-2020-1526824,6/7/2020,6/12/2020,Standard Class,TS-21205,Thomas Seio,Corporate,Bologna,Emilia-Romagna,Italy,South,FUR-FU-10000295,Furniture,Furnishings,"Advantus Light Bulb, Black",40.14,2,0,18.84
8327,ES-2021-2339975,9/30/2021,10/5/2021,Standard Class,MO-17950,Michael Oakman,Consumer,Rome,Lazio,Italy,South,TEC-CO-10002769,Technology,Copiers,"HP Fax Machine, Digital",1497.9,5,0,0
8333,ES-2020-4668554,4/21/2020,4/23/2020,Second Class,SH-20635,Stefanie Holloman,Corporate,Turin,Piedmont,Italy,South,OFF-SU-10002544,Office Supplies,Supplies,"Kleencut Box Cutter, Serrated",62.7,2,0,13.74
8338,ES-2022-4722906,8/29/2022,9/2/2022,Standard Class,RA-19915,Russell Applegate,Consumer,La Spezia,Liguria,Italy,South,TEC-AC-10003577,Technology,Accessories,"Memorex Router, USB",985.68,4,0,78.84
8339,ES-2022-4722906,8/29/2022,9/2/2022,Standard Class,RA-19915,Russell Applegate,Consumer,La Spezia,Liguria,Italy,South,FUR-FU-10000905,Furniture,Furnishings,"Eldon Door Stop, Erganomic",146.34,3,0,18.99
8340,ES-2022-4722906,8/29/2022,9/2/2022,Standard Class,RA-19915,Russell Applegate,Consumer,La Spezia,Liguria,Italy,South,FUR-BO-10004560,Furniture,Bookcases,"Bush Floating Shelf Set, Mobile",1216.53,7,0,304.08
8341,ES-2022-4722906,8/29/2022,9/2/2022,Standard Class,RA-19915,Russell Applegate,Consumer,La Spezia,Liguria,Italy,South,FUR-CH-10001278,Furniture,Chairs,"SAFCO Chairmat, Black",114.78,5,0.6,-157.92
8342,ES-2022-4722906,8/29/2022,9/2/2022,Standard Class,RA-19915,Russell Applegate,Consumer,La Spezia,Liguria,Italy,South,OFF-AR-10000505,Office Supplies,Art,"Binney & Smith Pens, Easy-Erase",48.84,4,0,0
8358,ES-2021-3500321,2/2/2021,2/6/2021,Second Class,KA-16525,Kelly Andreada,Consumer,Bari,Apulia,Italy,South,OFF-AR-10001269,Office Supplies,Art,"BIC Markers, Water Color",88.83,3,0,31.05
8377,ES-2019-4052630,2/21/2019,2/26/2019,Standard Class,ZD-21925,Zuschuss Donatelli,Consumer,Milan,Lombardy,Italy,South,OFF-AR-10002454,Office Supplies,Art,"Binney & Smith Canvas, Water Color",163.62,3,0,78.48
8378,ES-2019-4052630,2/21/2019,2/26/2019,Standard Class,ZD-21925,Zuschuss Donatelli,Consumer,Milan,Lombardy,Italy,South,FUR-TA-10003899,Furniture,Tables,"Barricks Round Table, with Bottom Storage",1003.02,4,0.5,-942.9
8379,ES-2019-4052630,2/21/2019,2/26/2019,Standard Class,ZD-21925,Zuschuss Donatelli,Consumer,Milan,Lombardy,Italy,South,OFF-ST-10001818,Office Supplies,Storage,"Smead Trays, Blue",29.088,1,0.4,-13.092
8380,ES-2019-4052630,2/21/2019,2/26/2019,Standard Class,ZD-21925,Zuschuss Donatelli,Consumer,Milan,Lombardy,Italy,South,TEC-MA-10003856,Technology,Machines,"Okidata Calculator, Red",29.664,1,0.4,-5.466
8388,ES-2022-5583177,3/4/2022,3/6/2022,Second Class,AH-10195,Alan Haines,Corporate,Trieste,Friuli-Venezia Giulia,Italy,South,OFF-AP-10001772,Office Supplies,Appliances,"Hoover Toaster, White",163.56,2,0,57.24
8389,ES-2022-5583177,3/4/2022,3/6/2022,Second Class,AH-10195,Alan Haines,Corporate,Trieste,Friuli-Venezia Giulia,Italy,South,OFF-BI-10004644,Office Supplies,Binders,"Cardinal Index Tab, Durable",38.1,5,0,17.1
8390,ES-2019-3367036,11/29/2019,12/4/2019,Second Class,DB-13405,Denny Blanton,Consumer,Milan,Lombardy,Italy,South,OFF-PA-10001971,Office Supplies,Paper,"Eaton Cards & Envelopes, Premium",135.54,3,0,40.59
8405,ES-2022-2039846,9/30/2022,10/4/2022,Standard Class,RF-19345,Randy Ferguson,Corporate,Rome,Lazio,Italy,South,OFF-BI-10000972,Office Supplies,Binders,"Acco 3-Hole Punch, Economy",90.36,3,0,17.1
8504,ES-2020-4335676,12/6/2020,12/12/2020,Standard Class,JG-15805,John Grady,Corporate,Milan,Lombardy,Italy,South,FUR-FU-10003325,Furniture,Furnishings,"Tenex Door Stop, Duo Pack",263.7,6,0,118.62
8505,ES-2020-4335676,12/6/2020,12/12/2020,Standard Class,JG-15805,John Grady,Corporate,Milan,Lombardy,Italy,South,OFF-AR-10003658,Office Supplies,Art,"Boston Markers, Water Color",88.65,3,0,0
8506,ES-2020-4335676,12/6/2020,12/12/2020,Standard Class,JG-15805,John Grady,Corporate,Milan,Lombardy,Italy,South,OFF-ST-10000020,Office Supplies,Storage,"Fellowes Folders, Single Width",47.574,3,0.4,0.774
8507,ES-2020-4335676,12/6/2020,12/12/2020,Standard Class,JG-15805,John Grady,Corporate,Milan,Lombardy,Italy,South,TEC-CO-10000070,Technology,Copiers,"Hewlett Copy Machine, High-Speed",527.34,2,0,131.82
8523,IT-2019-5015979,9/28/2019,10/5/2019,Standard Class,NF-18385,Natalie Fritzler,Consumer,Carrara,Tuscany,Italy,South,OFF-ST-10000922,Office Supplies,Storage,"Eldon File Cart, Blue",304.704,4,0.4,-193.056
8524,IT-2019-5015979,9/28/2019,10/5/2019,Standard Class,NF-18385,Natalie Fritzler,Consumer,Carrara,Tuscany,Italy,South,OFF-EN-10000056,Office Supplies,Envelopes,"Ames Manila Envelope, Security-Tint",81.27,3,0,32.49
8525,IT-2019-5015979,9/28/2019,10/5/2019,Standard Class,NF-18385,Natalie Fritzler,Consumer,Carrara,Tuscany,Italy,South,TEC-PH-10002255,Technology,Phones,"Apple Audio Dock, Full Size",201.816,2,0.4,-104.304
8526,IT-2019-5015979,9/28/2019,10/5/2019,Standard Class,NF-18385,Natalie Fritzler,Consumer,Carrara,Tuscany,Italy,South,OFF-EN-10003381,Office Supplies,Envelopes,"Cameo Manila Envelope, Security-Tint",205.8,7,0,100.8
8527,IT-2019-5015979,9/28/2019,10/5/2019,Standard Class,NF-18385,Natalie Fritzler,Consumer,Carrara,Tuscany,Italy,South,OFF-EN-10002850,Office Supplies,Envelopes,"Ames Manila Envelope, Recycled",117.45,5,0,44.55
8528,IT-2019-5015979,9/28/2019,10/5/2019,Standard Class,NF-18385,Natalie Fritzler,Consumer,Carrara,Tuscany,Italy,South,OFF-AR-10003829,Office Supplies,Art,"Stanley Markers, Fluorescent",117.3,5,0,39.75
8535,ES-2022-2888354,6/21/2022,6/24/2022,First Class,CC-12550,Clay Cheatham,Consumer,Potenza,Basilicata,Italy,South,OFF-PA-10001497,Office Supplies,Paper,"Xerox Note Cards, 8.5 x 11",91.53,3,0,0.9
8554,ES-2019-3028321,11/3/2019,11/7/2019,Standard Class,HA-14920,Helen Andreada,Consumer,Palermo,Sicily,Italy,South,OFF-EN-10004571,Office Supplies,Envelopes,"Ames Peel and Seal, with clear poly window",177.84,8,0,81.6
8561,IT-2019-2359180,12/14/2019,12/18/2019,Second Class,BV-11245,Benjamin Venier,Corporate,Foggia,Apulia,Italy,South,OFF-ST-10000095,Office Supplies,Storage,"Fellowes File Cart, Industrial",248.022,3,0.4,-111.618
8563,IT-2022-2122369,5/26/2022,5/28/2022,Second Class,JK-15730,Joe Kamberova,Consumer,Treviso,Veneto,Italy,South,FUR-CH-10002819,Furniture,Chairs,"SAFCO Chairmat, Red",287.136,12,0.6,-280.224
8564,IT-2022-2122369,5/26/2022,5/28/2022,Second Class,JK-15730,Joe Kamberova,Consumer,Treviso,Veneto,Italy,South,FUR-FU-10003879,Furniture,Furnishings,"Advantus Frame, Erganomic",109.74,1,0,35.1
8565,IT-2022-2122369,5/26/2022,5/28/2022,Second Class,JK-15730,Joe Kamberova,Consumer,Treviso,Veneto,Italy,South,TEC-CO-10004078,Technology,Copiers,"Sharp Fax Machine, Laser",1182.6,4,0,106.32
8566,IT-2022-2122369,5/26/2022,5/28/2022,Second Class,JK-15730,Joe Kamberova,Consumer,Treviso,Veneto,Italy,South,FUR-BO-10003559,Furniture,Bookcases,"Sauder Stackable Bookrack, Pine",298.68,2,0,113.46
8567,IT-2022-2122369,5/26/2022,5/28/2022,Second Class,JK-15730,Joe Kamberova,Consumer,Treviso,Veneto,Italy,South,OFF-BI-10001808,Office Supplies,Binders,"Cardinal Binding Machine, Clear",147.69,3,0,59.04
8568,IT-2022-2122369,5/26/2022,5/28/2022,Second Class,JK-15730,Joe Kamberova,Consumer,Treviso,Veneto,Italy,South,FUR-BO-10003905,Furniture,Bookcases,"Ikea Stackable Bookrack, Mobile",375.3,3,0,180.09
8571,IT-2022-5204858,9/30/2022,10/2/2022,First Class,SW-20275,Scott Williamson,Consumer,Ravenna,Emilia-Romagna,Italy,South,TEC-PH-10002935,Technology,Phones,"Samsung Smart Phone, VoIP",1145.232,3,0.4,-706.248
8581,ES-2021-5312636,4/7/2021,4/9/2021,Second Class,FA-14230,Frank Atkinson,Corporate,Reggio nell'Emilia,Emilia-Romagna,Italy,South,OFF-BI-10000289,Office Supplies,Binders,"Wilson Jones Binder Covers, Recycled",11.55,1,0,2.76
8582,ES-2021-5312636,4/7/2021,4/9/2021,Second Class,FA-14230,Frank Atkinson,Corporate,Reggio nell'Emilia,Emilia-Romagna,Italy,South,OFF-BI-10003152,Office Supplies,Binders,"Avery Hole Reinforcements, Recycled",19.08,4,0,8.16
8583,ES-2021-5312636,4/7/2021,4/9/2021,Second Class,FA-14230,Frank Atkinson,Corporate,Reggio nell'Emilia,Emilia-Romagna,Italy,South,OFF-ST-10003785,Office Supplies,Storage,"Eldon Lockers, Blue",593.73,5,0.4,-296.97
8586,IT-2021-4100200,10/14/2021,10/21/2021,Standard Class,EH-14125,Eugene Hildebrand,Home Office,Modena,Emilia-Romagna,Italy,South,OFF-ST-10003147,Office Supplies,Storage,"Tenex Box, Blue",49.5,5,0.4,-12.45
8594,ES-2019-3581861,5/5/2019,5/7/2019,Second Class,AG-10495,Andrew Gjertsen,Corporate,Rome,Lazio,Italy,South,FUR-FU-10004313,Furniture,Furnishings,"Eldon Light Bulb, Duo Pack",75.78,3,0,30.24
8595,IT-2019-4618152,12/28/2019,12/30/2019,First Class,AG-10525,Andy Gerbode,Corporate,Verona,Veneto,Italy,South,TEC-PH-10004879,Technology,Phones,"Nokia Headset, Cordless",182.304,4,0.4,-54.696
8625,ES-2019-4814310,3/29/2019,4/2/2019,Standard Class,SC-20260,Scott Cohen,Corporate,Foligno,Umbria,Italy,South,OFF-FA-10002715,Office Supplies,Fasteners,"Stockwell Clamps, 12 Pack",93.3,5,0,44.7
8678,ES-2022-5319388,12/24/2022,12/28/2022,Standard Class,VT-21700,Valerie Takahito,Home Office,Milan,Lombardy,Italy,South,OFF-LA-10001154,Office Supplies,Labels,"Hon Shipping Labels, Adjustable",74.16,8,0,25.92
8679,ES-2022-5319388,12/24/2022,12/28/2022,Standard Class,VT-21700,Valerie Takahito,Home Office,Milan,Lombardy,Italy,South,OFF-AR-10002113,Office Supplies,Art,"Boston Highlighters, Easy-Erase",19.14,1,0,4.2
8687,ES-2021-4180822,6/10/2021,6/17/2021,Standard Class,JK-16090,Juliana Krohn,Consumer,Rome,Lazio,Italy,South,OFF-AR-10000724,Office Supplies,Art,"Boston Pens, Fluorescent",30.96,2,0,5.22
8688,ES-2021-4180822,6/10/2021,6/17/2021,Standard Class,JK-16090,Juliana Krohn,Consumer,Rome,Lazio,Italy,South,TEC-CO-10000405,Technology,Copiers,"Canon Fax Machine, Digital",954.09,3,0,219.42
8698,ES-2021-5306452,1/28/2021,2/4/2021,Standard Class,MW-18220,Mitch Webber,Consumer,Venice,Veneto,Italy,South,OFF-EN-10004296,Office Supplies,Envelopes,"GlobeWeis Mailers, Security-Tint",163.8,4,0,63.84
8712,ES-2022-3031425,8/4/2022,8/9/2022,Standard Class,MV-17485,Mark Van Huff,Consumer,Turin,Piedmont,Italy,South,OFF-SU-10002429,Office Supplies,Supplies,"Fiskars Box Cutter, Steel",139.68,4,0,44.64
8713,ES-2022-3031425,8/4/2022,8/9/2022,Standard Class,MV-17485,Mark Van Huff,Consumer,Turin,Piedmont,Italy,South,TEC-PH-10000038,Technology,Phones,"Nokia Speaker Phone, with Caller ID",295.56,4,0.4,-157.68
8722,ES-2021-2765433,11/7/2021,11/11/2021,Standard Class,AR-10510,Andrew Roberts,Consumer,Rome,Lazio,Italy,South,OFF-AR-10004825,Office Supplies,Art,"BIC Canvas, Fluorescent",219.84,4,0,76.92
8731,IT-2021-4165375,5/14/2021,5/18/2021,Standard Class,TH-21550,Tracy Hopkins,Home Office,Bologna,Emilia-Romagna,Italy,South,OFF-ST-10001173,Office Supplies,Storage,"Eldon Folders, Industrial",20.952,2,0.4,-12.948
8744,IT-2022-2203094,8/11/2022,8/11/2022,Same Day,EB-13975,Erica Bern,Corporate,Rome,Lazio,Italy,South,FUR-CH-10000488,Furniture,Chairs,"SAFCO Steel Folding Chair, Black",33.312,1,0.6,-27.498
8753,ES-2022-3856656,4/23/2022,4/28/2022,Standard Class,AB-10015,Aaron Bergman,Consumer,Casoria,Campania,Italy,South,OFF-LA-10001607,Office Supplies,Labels,"Novimex Shipping Labels, Alphabetical",21.6,2,0,10.8
8754,ES-2022-3856656,4/23/2022,4/28/2022,Standard Class,AB-10015,Aaron Bergman,Consumer,Casoria,Campania,Italy,South,TEC-CO-10002242,Technology,Copiers,"Brother Fax and Copier, Color",1543.44,8,0,370.32
8772,ES-2020-2890249,8/4/2020,8/6/2020,Second Class,GH-14410,Gary Hansen,Home Office,Venice,Veneto,Italy,South,OFF-BI-10003642,Office Supplies,Binders,"Wilson Jones Binder, Economy",26.04,2,0,8.04
8773,ES-2020-2890249,8/4/2020,8/6/2020,Second Class,GH-14410,Gary Hansen,Home Office,Venice,Veneto,Italy,South,TEC-AC-10004679,Technology,Accessories,"Enermax Flash Drive, Programmable",215.1,5,0,77.4
8774,ES-2020-2890249,8/4/2020,8/6/2020,Second Class,GH-14410,Gary Hansen,Home Office,Venice,Veneto,Italy,South,OFF-LA-10004058,Office Supplies,Labels,"Hon Legal Exhibit Labels, 5000 Label Set",67.5,6,0,12.06
8788,ES-2022-4107905,6/9/2022,6/13/2022,Second Class,AR-10405,Allen Rosenblatt,Corporate,Turin,Piedmont,Italy,South,OFF-SU-10004230,Office Supplies,Supplies,"Kleencut Scissors, Serrated",56.97,3,0,4.5
8789,ES-2022-4107905,6/9/2022,6/13/2022,Second Class,AR-10405,Allen Rosenblatt,Corporate,Turin,Piedmont,Italy,South,OFF-AP-10004869,Office Supplies,Appliances,"KitchenAid Toaster, White",250.38,3,0,100.08
8797,ES-2021-3657887,8/15/2021,8/20/2021,Standard Class,SM-20005,Sally Matthias,Consumer,Benevento,Campania,Italy,South,FUR-CH-10004676,Furniture,Chairs,"Office Star Rocking Chair, Black",110.784,2,0.6,-110.796
8850,ES-2022-4451711,7/30/2022,8/4/2022,Standard Class,CR-12580,Clay Rozendal,Home Office,Turin,Piedmont,Italy,South,OFF-LA-10001284,Office Supplies,Labels,"Smead Round Labels, 5000 Label Set",51.03,7,0,2.52
8863,IT-2019-2413417,1/24/2019,1/26/2019,First Class,SJ-20500,Shirley Jackson,Consumer,Bologna,Emilia-Romagna,Italy,South,FUR-CH-10004685,Furniture,Chairs,"Harbour Creations Swivel Stool, Set of Two",72.948,1,0.6,-56.562
8864,IT-2019-2413417,1/24/2019,1/26/2019,First Class,SJ-20500,Shirley Jackson,Consumer,Bologna,Emilia-Romagna,Italy,South,OFF-LA-10004007,Office Supplies,Labels,"Harbour Creations Color Coded Labels, Adjustable",54,5,0,7.5
8865,IT-2019-2413417,1/24/2019,1/26/2019,First Class,SJ-20500,Shirley Jackson,Consumer,Bologna,Emilia-Romagna,Italy,South,OFF-PA-10003899,Office Supplies,Paper,"SanDisk Memo Slips, Multicolor",55.17,3,0,2.7
8866,IT-2019-2413417,1/24/2019,1/26/2019,First Class,SJ-20500,Shirley Jackson,Consumer,Bologna,Emilia-Romagna,Italy,South,FUR-CH-10003540,Furniture,Chairs,"Office Star Bag Chairs, Set of Two",69.228,3,0.6,-95.202
8867,IT-2019-2413417,1/24/2019,1/26/2019,First Class,SJ-20500,Shirley Jackson,Consumer,Bologna,Emilia-Romagna,Italy,South,OFF-FA-10004310,Office Supplies,Fasteners,"Advantus Staples, 12 Pack",41.16,4,0,2.88
8878,ES-2021-2811578,11/19/2021,11/23/2021,Standard Class,JG-15805,John Grady,Corporate,Carpi,Emilia-Romagna,Italy,South,OFF-BI-10004054,Office Supplies,Binders,"Cardinal Hole Reinforcements, Economy",21.36,4,0,8.64
8879,ES-2021-2811578,11/19/2021,11/23/2021,Standard Class,JG-15805,John Grady,Corporate,Carpi,Emilia-Romagna,Italy,South,OFF-BI-10004554,Office Supplies,Binders,"Avery Index Tab, Clear",18.99,3,0,0.72
8883,ES-2022-1530779,2/1/2022,2/7/2022,Standard Class,JM-15535,Jessica Myrick,Consumer,Milan,Lombardy,Italy,South,OFF-BI-10002570,Office Supplies,Binders,"Cardinal 3-Hole Punch, Clear",84.78,3,0,17.73
8884,ES-2022-1530779,2/1/2022,2/7/2022,Standard Class,JM-15535,Jessica Myrick,Consumer,Milan,Lombardy,Italy,South,OFF-ST-10003153,Office Supplies,Storage,"Tenex File Cart, Single Width",484.596,6,0.4,56.376
8921,ES-2022-2156896,8/7/2022,8/13/2022,Standard Class,EP-13915,Emily Phan,Consumer,Rome,Lazio,Italy,South,OFF-ST-10000020,Office Supplies,Storage,"Fellowes Folders, Single Width",15.858,1,0.4,0.258
8931,ES-2020-3465586,11/13/2020,11/17/2020,Standard Class,JB-16045,Julia Barnett,Home Office,Ravenna,Emilia-Romagna,Italy,South,OFF-AR-10002783,Office Supplies,Art,"Stanley Pencil Sharpener, Water Color",175.35,7,0,10.5
8932,ES-2020-3465586,11/13/2020,11/17/2020,Standard Class,JB-16045,Julia Barnett,Home Office,Ravenna,Emilia-Romagna,Italy,South,FUR-CH-10000690,Furniture,Chairs,"Novimex Bag Chairs, Black",87.06,5,0.6,-34.89
8933,ES-2020-3465586,11/13/2020,11/17/2020,Standard Class,JB-16045,Julia Barnett,Home Office,Ravenna,Emilia-Romagna,Italy,South,OFF-BI-10003774,Office Supplies,Binders,"Cardinal 3-Hole Punch, Durable",30.3,1,0,13.92
8936,ES-2019-4993245,4/9/2019,4/13/2019,Standard Class,AH-10195,Alan Haines,Corporate,Pescara,Abruzzi,Italy,South,FUR-FU-10004640,Furniture,Furnishings,"Tenex Light Bulb, Durable",63.84,4,0,7.56
8937,ES-2019-4993245,4/9/2019,4/13/2019,Standard Class,AH-10195,Alan Haines,Corporate,Pescara,Abruzzi,Italy,South,OFF-AR-10002382,Office Supplies,Art,"Binney & Smith Pencil Sharpener, Water Color",107.76,4,0,49.56
8940,ES-2020-1210194,9/2/2020,9/7/2020,Standard Class,CD-11920,Carlos Daly,Consumer,Cagliari,Sardinia,Italy,South,OFF-AP-10001882,Office Supplies,Appliances,"Breville Coffee Grinder, Silver",187.83,3,0,75.06
8948,IT-2019-5718509,7/28/2019,7/31/2019,Second Class,GH-14485,Gene Hale,Corporate,Cerignola,Apulia,Italy,South,OFF-ST-10004482,Office Supplies,Storage,"Rogers Shelving, Industrial",450.792,12,0.4,-75.168
8949,IT-2019-5718509,7/28/2019,7/31/2019,Second Class,GH-14485,Gene Hale,Corporate,Cerignola,Apulia,Italy,South,OFF-FA-10001530,Office Supplies,Fasteners,"Accos Paper Clips, Assorted Sizes",28.08,2,0,1.68
8989,ES-2021-2338251,6/25/2021,6/30/2021,Standard Class,RP-19855,Roy Phan,Corporate,Rome,Lazio,Italy,South,OFF-ST-10000288,Office Supplies,Storage,"Fellowes Lockers, Industrial",623.43,5,0.4,41.43
8994,IT-2019-1471798,8/25/2019,8/25/2019,Same Day,CJ-12010,Caroline Jumper,Consumer,Lucca,Tuscany,Italy,South,TEC-PH-10004263,Technology,Phones,"Cisco Signal Booster, with Caller ID",182.196,2,0.4,-45.564
8997,ES-2019-4479011,12/7/2019,12/7/2019,Same Day,BT-11680,Brian Thompson,Consumer,Vittoria,Sicily,Italy,South,OFF-BI-10000880,Office Supplies,Binders,"Wilson Jones Binder, Recycled",120.42,9,0,45.63
8998,ES-2019-4479011,12/7/2019,12/7/2019,Same Day,BT-11680,Brian Thompson,Consumer,Vittoria,Sicily,Italy,South,OFF-FA-10004824,Office Supplies,Fasteners,"Stockwell Rubber Bands, Bulk Pack",112.98,7,0,19.11
9005,IT-2020-1669193,6/9/2020,6/13/2020,Standard Class,NG-18430,Nathan Gelder,Consumer,Turin,Piedmont,Italy,South,OFF-ST-10004377,Office Supplies,Storage,"Rogers File Cart, Single Width",509.868,6,0.4,-119.052
9058,ES-2022-5528295,2/5/2022,2/10/2022,Standard Class,RD-19720,Roger Demir,Consumer,Rome,Lazio,Italy,South,FUR-BO-10000728,Furniture,Bookcases,"Dania Corner Shelving, Traditional",244.14,2,0,82.98
9079,ES-2020-2360362,8/4/2020,8/8/2020,Standard Class,MZ-17335,Maria Zettner,Home Office,Palermo,Sicily,Italy,South,OFF-AR-10003629,Office Supplies,Art,"Boston Canvas, Water Color",170.46,3,0,25.56
9080,ES-2020-2360362,8/4/2020,8/8/2020,Standard Class,MZ-17335,Maria Zettner,Home Office,Palermo,Sicily,Italy,South,OFF-AR-10000505,Office Supplies,Art,"Binney & Smith Pens, Easy-Erase",85.47,7,0,0
9081,ES-2020-2360362,8/4/2020,8/8/2020,Standard Class,MZ-17335,Maria Zettner,Home Office,Palermo,Sicily,Italy,South,OFF-AR-10000444,Office Supplies,Art,"BIC Highlighters, Blue",37.86,2,0,15.12
9082,ES-2020-2360362,8/4/2020,8/8/2020,Standard Class,MZ-17335,Maria Zettner,Home Office,Palermo,Sicily,Italy,South,OFF-AR-10002640,Office Supplies,Art,"Boston Pens, Blue",42.66,3,0,0.81
9105,IT-2021-2076787,9/14/2021,9/18/2021,Standard Class,AP-10915,Arthur Prichep,Consumer,Venice,Veneto,Italy,South,TEC-PH-10002907,Technology,Phones,"Motorola Headset, VoIP",95.796,2,0.4,-30.384
9106,IT-2021-2076787,9/14/2021,9/18/2021,Standard Class,AP-10915,Arthur Prichep,Consumer,Venice,Veneto,Italy,South,OFF-BI-10003440,Office Supplies,Binders,"Avery Binder Covers, Economy",33.21,3,0,10.26
9146,ES-2020-3866726,11/14/2020,11/18/2020,Standard Class,AG-10300,Aleksandra Gannaway,Corporate,Trieste,Friuli-Venezia Giulia,Italy,South,OFF-AP-10002476,Office Supplies,Appliances,"Cuisinart Blender, Red",468.93,7,0,173.46
9153,ES-2020-2922477,12/21/2020,12/25/2020,Standard Class,SS-20140,Saphhira Shifley,Corporate,Arezzo,Tuscany,Italy,South,OFF-AR-10003633,Office Supplies,Art,"Binney & Smith Canvas, Easy-Erase",154.89,3,0,26.28
9154,ES-2020-2922477,12/21/2020,12/25/2020,Standard Class,SS-20140,Saphhira Shifley,Corporate,Arezzo,Tuscany,Italy,South,TEC-CO-10002962,Technology,Copiers,"Sharp Wireless Fax, Color",357.36,1,0,117.9
9155,ES-2020-2922477,12/21/2020,12/25/2020,Standard Class,SS-20140,Saphhira Shifley,Corporate,Arezzo,Tuscany,Italy,South,OFF-BI-10002047,Office Supplies,Binders,"Acco Index Tab, Durable",17.88,2,0,3.9
9156,ES-2020-2922477,12/21/2020,12/25/2020,Standard Class,SS-20140,Saphhira Shifley,Corporate,Arezzo,Tuscany,Italy,South,FUR-CH-10003362,Furniture,Chairs,"Office Star Swivel Stool, Adjustable",211.716,3,0.6,-264.654
9212,ES-2019-3360339,11/5/2019,11/7/2019,First Class,JO-15145,Jack O'Briant,Corporate,Latina,Lazio,Italy,South,TEC-AC-10004791,Technology,Accessories,"Belkin Keyboard, USB",252.27,3,0,17.64
9213,ES-2019-3360339,11/5/2019,11/7/2019,First Class,JO-15145,Jack O'Briant,Corporate,Latina,Lazio,Italy,South,OFF-ST-10001426,Office Supplies,Storage,"Eldon Folders, Single Width",30.618,3,0.4,3.528
9214,ES-2019-3360339,11/5/2019,11/7/2019,First Class,JO-15145,Jack O'Briant,Corporate,Latina,Lazio,Italy,South,OFF-LA-10000648,Office Supplies,Labels,"Harbour Creations Round Labels, Alphabetical",13.14,2,0,5.22
9215,ES-2019-3360339,11/5/2019,11/7/2019,First Class,JO-15145,Jack O'Briant,Corporate,Latina,Lazio,Italy,South,OFF-LA-10003390,Office Supplies,Labels,"Harbour Creations File Folder Labels, 5000 Label Set",18.24,2,0,3.96
9234,ES-2022-4158324,1/1/2022,1/8/2022,Standard Class,BN-11470,Brad Norvell,Corporate,Afragola,Campania,Italy,South,OFF-SU-10000171,Office Supplies,Supplies,"Elite Trimmer, Easy Grip",43.29,1,0,20.34
9235,ES-2022-4158324,1/1/2022,1/8/2022,Standard Class,BN-11470,Brad Norvell,Corporate,Afragola,Campania,Italy,South,OFF-ST-10001255,Office Supplies,Storage,"Fellowes Trays, Single Width",137.808,4,0.4,22.968
9246,ES-2021-2335535,8/12/2021,8/17/2021,Standard Class,AB-10255,Alejandro Ballentine,Home Office,Rome,Lazio,Italy,South,OFF-ST-10004097,Office Supplies,Storage,"Tenex Box, Wire Frame",9.342,1,0.4,0.912
9306,ES-2021-2028016,4/26/2021,4/28/2021,First Class,AF-10885,Art Foster,Consumer,Brescia,Lombardy,Italy,South,OFF-LA-10000648,Office Supplies,Labels,"Harbour Creations Round Labels, Alphabetical",19.71,3,0,7.83
9307,ES-2021-2028016,4/26/2021,4/28/2021,First Class,AF-10885,Art Foster,Consumer,Brescia,Lombardy,Italy,South,OFF-EN-10001979,Office Supplies,Envelopes,"Cameo Clasp Envelope, Security-Tint",11.91,1,0,2.85
9308,ES-2021-2028016,4/26/2021,4/28/2021,First Class,AF-10885,Art Foster,Consumer,Brescia,Lombardy,Italy,South,OFF-ST-10003641,Office Supplies,Storage,"Fellowes Trays, Wire Frame",203.256,6,0.4,-50.904
9309,ES-2021-2028016,4/26/2021,4/28/2021,First Class,AF-10885,Art Foster,Consumer,Brescia,Lombardy,Italy,South,OFF-BI-10001192,Office Supplies,Binders,"Cardinal Binder, Clear",66.45,5,0,1.95
9312,ES-2022-3206195,3/25/2022,4/1/2022,Standard Class,BT-11395,Bill Tyler,Corporate,Capannori,Tuscany,Italy,South,OFF-FA-10001026,Office Supplies,Fasteners,"Stockwell Staples, Metal",21.84,2,0,8.28
9313,ES-2022-3206195,3/25/2022,4/1/2022,Standard Class,BT-11395,Bill Tyler,Corporate,Capannori,Tuscany,Italy,South,FUR-BO-10003541,Furniture,Bookcases,"Bush Classic Bookcase, Metal",2060.7,5,0,700.5
9314,ES-2022-3206195,3/25/2022,4/1/2022,Standard Class,BT-11395,Bill Tyler,Corporate,Capannori,Tuscany,Italy,South,OFF-AR-10001898,Office Supplies,Art,"Binney & Smith Pencil Sharpener, Fluorescent",80.01,3,0,3.15
9315,ES-2022-3206195,3/25/2022,4/1/2022,Standard Class,BT-11395,Bill Tyler,Corporate,Capannori,Tuscany,Italy,South,OFF-BI-10000329,Office Supplies,Binders,"Acco Binder, Durable",16.65,1,0,4.65
9316,ES-2022-3206195,3/25/2022,4/1/2022,Standard Class,BT-11395,Bill Tyler,Corporate,Capannori,Tuscany,Italy,South,OFF-AR-10002783,Office Supplies,Art,"Stanley Pencil Sharpener, Water Color",100.2,4,0,6
9317,ES-2022-3206195,3/25/2022,4/1/2022,Standard Class,BT-11395,Bill Tyler,Corporate,Capannori,Tuscany,Italy,South,OFF-AR-10000659,Office Supplies,Art,"BIC Pencil Sharpener, Fluorescent",121.08,4,0,41.16
9318,ES-2022-3206195,3/25/2022,4/1/2022,Standard Class,BT-11395,Bill Tyler,Corporate,Capannori,Tuscany,Italy,South,OFF-AR-10002382,Office Supplies,Art,"Binney & Smith Pencil Sharpener, Water Color",188.58,7,0,86.73
9320,IT-2020-5212034,3/10/2020,3/12/2020,Second Class,SC-20260,Scott Cohen,Corporate,Rome,Lazio,Italy,South,FUR-CH-10000399,Furniture,Chairs,"Hon Swivel Stool, Set of Two",132.72,2,0.6,-119.46
9326,IT-2022-4405777,6/16/2022,6/21/2022,Standard Class,PN-18775,Parhena Norris,Home Office,Rome,Lazio,Italy,South,FUR-CH-10002970,Furniture,Chairs,"Harbour Creations Chairmat, Black",83.484,3,0.6,-81.486
9335,ES-2021-2708008,10/23/2021,10/28/2021,Standard Class,AR-10345,Alex Russell,Corporate,Acerra,Campania,Italy,South,TEC-AC-10004070,Technology,Accessories,"Memorex Router, Programmable",1238.55,5,0,582
9336,ES-2021-2708008,10/23/2021,10/28/2021,Standard Class,AR-10345,Alex Russell,Corporate,Acerra,Campania,Italy,South,OFF-PA-10001466,Office Supplies,Paper,"Eaton Computer Printout Paper, 8.5 x 11",122.76,4,0,56.4
9337,ES-2022-4857180,7/18/2022,7/22/2022,Standard Class,DJ-13510,Don Jones,Corporate,Torre del Greco,Campania,Italy,South,TEC-CO-10001628,Technology,Copiers,"Sharp Personal Copier, Digital",478.56,4,0,239.28
9338,ES-2022-4857180,7/18/2022,7/22/2022,Standard Class,DJ-13510,Don Jones,Corporate,Torre del Greco,Campania,Italy,South,FUR-FU-10000188,Furniture,Furnishings,"Tenex Frame, Duo Pack",220.08,2,0,17.58
9339,ES-2022-4857180,7/18/2022,7/22/2022,Standard Class,DJ-13510,Don Jones,Corporate,Torre del Greco,Campania,Italy,South,TEC-AC-10001243,Technology,Accessories,"Enermax Mouse, Bluetooth",80.58,2,0,9.66
9346,ES-2021-3568872,4/8/2021,4/13/2021,Standard Class,GD-14590,Giulietta Dortch,Corporate,Taranto,Apulia,Italy,South,OFF-LA-10003058,Office Supplies,Labels,"Novimex Legal Exhibit Labels, Adjustable",25.11,3,0,1.71
9347,ES-2021-3568872,4/8/2021,4/13/2021,Standard Class,GD-14590,Giulietta Dortch,Corporate,Taranto,Apulia,Italy,South,TEC-AC-10003506,Technology,Accessories,"Enermax Router, Erganomic",512.28,2,0,204.9
9353,ES-2019-3995423,12/31/2019,1/3/2020,First Class,RD-19480,Rick Duston,Consumer,Naples,Campania,Italy,South,OFF-PA-10000816,Office Supplies,Paper,"Enermax Memo Slips, Recycled",31.14,2,0,5.88
9354,ES-2019-3995423,12/31/2019,1/3/2020,First Class,RD-19480,Rick Duston,Consumer,Naples,Campania,Italy,South,OFF-AR-10000724,Office Supplies,Art,"Boston Pens, Fluorescent",46.44,3,0,7.83
9355,ES-2019-3995423,12/31/2019,1/3/2020,First Class,RD-19480,Rick Duston,Consumer,Naples,Campania,Italy,South,OFF-PA-10002524,Office Supplies,Paper,"Enermax Note Cards, 8.5 x 11",85.23,3,0,35.73
9356,ES-2019-3995423,12/31/2019,1/3/2020,First Class,RD-19480,Rick Duston,Consumer,Naples,Campania,Italy,South,TEC-CO-10001628,Technology,Copiers,"Sharp Personal Copier, Digital",358.92,3,0,179.46
9379,IT-2022-3417928,4/14/2022,4/16/2022,Second Class,JW-15220,Jane Waco,Corporate,Florence,Tuscany,Italy,South,OFF-ST-10000430,Office Supplies,Storage,"Tenex File Cart, Blue",159.84,2,0.4,-58.62
9419,ES-2022-1757411,11/15/2022,11/21/2022,Standard Class,CJ-12010,Caroline Jumper,Consumer,Acireale,Sicily,Italy,South,OFF-AR-10003028,Office Supplies,Art,"Binney & Smith Highlighters, Blue",49.77,3,0,7.38
9429,ES-2021-3042034,2/24/2021,2/27/2021,First Class,PJ-18835,Patrick Jones,Corporate,Florence,Tuscany,Italy,South,OFF-EN-10003936,Office Supplies,Envelopes,"Cameo Peel and Seal, with clear poly window",147.24,6,0,64.62
9430,ES-2021-3042034,2/24/2021,2/27/2021,First Class,PJ-18835,Patrick Jones,Corporate,Florence,Tuscany,Italy,South,TEC-PH-10003713,Technology,Phones,"Cisco Audio Dock, Cordless",221.904,2,0.4,-99.876
9431,ES-2021-3042034,2/24/2021,2/27/2021,First Class,PJ-18835,Patrick Jones,Corporate,Florence,Tuscany,Italy,South,FUR-FU-10004954,Furniture,Furnishings,"Tenex Clock, Duo Pack",100.62,2,0,38.22
9453,ES-2022-3607035,8/3/2022,8/6/2022,First Class,SC-20380,Shahid Collister,Consumer,Florence,Tuscany,Italy,South,OFF-BI-10000179,Office Supplies,Binders,"Wilson Jones 3-Hole Punch, Economy",55.98,2,0,18.42
9454,ES-2022-3607035,8/3/2022,8/6/2022,First Class,SC-20380,Shahid Collister,Consumer,Florence,Tuscany,Italy,South,TEC-MA-10003607,Technology,Machines,"Okidata Receipt Printer, Red",216.108,3,0.4,-82.872
9493,ES-2020-2122823,8/29/2020,9/2/2020,Standard Class,CK-12595,Clytie Kelty,Consumer,Perugia,Umbria,Italy,South,TEC-AC-10003666,Technology,Accessories,"Memorex Router, Bluetooth",492.42,2,0,187.08
9502,ES-2019-5460465,2/1/2019,2/5/2019,Standard Class,RR-19315,Ralph Ritter,Consumer,Parma,Emilia-Romagna,Italy,South,OFF-AR-10000980,Office Supplies,Art,"Sanford Pencil Sharpener, Water Color",78.3,3,0,20.34
9503,IT-2021-3774709,6/27/2021,6/28/2021,First Class,PR-18880,Patrick Ryan,Consumer,Milan,Lombardy,Italy,South,FUR-CH-10002498,Furniture,Chairs,"Harbour Creations Steel Folding Chair, Red",78.312,2,0.6,-64.608
9529,IT-2021-4744269,8/29/2021,8/30/2021,First Class,AB-10105,Adrian Barton,Consumer,Milan,Lombardy,Italy,South,OFF-ST-10000922,Office Supplies,Storage,"Eldon File Cart, Blue",152.352,2,0.4,-96.528
9530,IT-2021-4744269,8/29/2021,8/30/2021,First Class,AB-10105,Adrian Barton,Consumer,Milan,Lombardy,Italy,South,OFF-FA-10001097,Office Supplies,Fasteners,"Accos Paper Clips, Assorted Sizes",34.47,3,0,0.27
9547,ES-2022-1480923,3/15/2022,3/22/2022,Standard Class,AW-10930,Arthur Wiediger,Home Office,Monza,Lombardy,Italy,South,TEC-MA-10000473,Technology,Machines,"Konica Phone, Red",200.016,4,0.4,6.576
9548,ES-2022-1480923,3/15/2022,3/22/2022,Standard Class,AW-10930,Arthur Wiediger,Home Office,Monza,Lombardy,Italy,South,OFF-FA-10001052,Office Supplies,Fasteners,"Stockwell Paper Clips, Assorted Sizes",56.7,5,0,5.55
9569,ES-2022-2665002,5/9/2022,5/13/2022,Standard Class,TS-21085,Thais Sissman,Consumer,Pisa,Tuscany,Italy,South,OFF-LA-10003210,Office Supplies,Labels,"Harbour Creations File Folder Labels, Laser Printer Compatible",78.57,9,0,24.3
9570,ES-2022-2665002,5/9/2022,5/13/2022,Standard Class,TS-21085,Thais Sissman,Consumer,Pisa,Tuscany,Italy,South,OFF-BI-10000368,Office Supplies,Binders,"Avery Binder Covers, Durable",87.99,7,0,11.34
9581,ES-2020-5186485,8/14/2020,8/16/2020,First Class,JM-15865,John Murray,Consumer,Altamura,Apulia,Italy,South,OFF-EN-10003299,Office Supplies,Envelopes,"Cameo Mailers, Security-Tint",283.92,7,0,17.01
9582,ES-2020-5186485,8/14/2020,8/16/2020,First Class,JM-15865,John Murray,Consumer,Altamura,Apulia,Italy,South,OFF-ST-10002622,Office Supplies,Storage,"Smead File Cart, Single Width",541.296,7,0.4,-297.864
9583,ES-2020-5186485,8/14/2020,8/16/2020,First Class,JM-15865,John Murray,Consumer,Altamura,Apulia,Italy,South,FUR-BO-10004709,Furniture,Bookcases,"Bush Classic Bookcase, Pine",828.06,2,0,405.72
9601,ES-2021-3712216,6/21/2021,6/25/2021,Standard Class,JH-15820,John Huston,Consumer,Bologna,Emilia-Romagna,Italy,South,OFF-AR-10001002,Office Supplies,Art,"BIC Sketch Pad, Fluorescent",99.84,2,0,32.94
9602,ES-2021-3712216,6/21/2021,6/25/2021,Standard Class,JH-15820,John Huston,Consumer,Bologna,Emilia-Romagna,Italy,South,TEC-PH-10000070,Technology,Phones,"Nokia Headset, with Caller ID",131.598,3,0.4,-61.452
9603,ES-2021-3712216,6/21/2021,6/25/2021,Standard Class,JH-15820,John Huston,Consumer,Bologna,Emilia-Romagna,Italy,South,OFF-SU-10001690,Office Supplies,Supplies,"Kleencut Box Cutter, Steel",136.2,4,0,21.72
9604,ES-2022-4443552,12/30/2022,1/5/2023,Standard Class,FH-14365,Fred Hopkins,Corporate,Naples,Campania,Italy,South,OFF-BI-10001639,Office Supplies,Binders,"Acco Binder, Economy",45.45,3,0,6.3
9684,IT-2019-3784375,12/14/2019,12/17/2019,Second Class,DL-12865,Dan Lawera,Consumer,Turin,Piedmont,Italy,South,FUR-CH-10002543,Furniture,Chairs,"SAFCO Steel Folding Chair, Set of Two",211.104,6,0.6,-89.856
9727,ES-2022-3994900,8/29/2022,9/1/2022,Second Class,HM-14980,Henry MacAllister,Consumer,Rome,Lazio,Italy,South,OFF-BI-10002570,Office Supplies,Binders,"Acco Binder Covers, Clear",25.56,2,0,10.98
9728,ES-2022-3994900,8/29/2022,9/1/2022,Second Class,HM-14980,Henry MacAllister,Consumer,Rome,Lazio,Italy,South,OFF-AR-10000475,Office Supplies,Art,"Sanford Canvas, Blue",101.04,2,0,29.28
9738,IT-2022-2851933,10/17/2022,10/23/2022,Standard Class,JD-15895,Jonathan Doherty,Corporate,Marano di Napoli,Campania,Italy,South,TEC-PH-10002419,Technology,Phones,"Motorola Headset, Cordless",545.094,11,0.4,-72.996
9739,IT-2022-2851933,10/17/2022,10/23/2022,Standard Class,JD-15895,Jonathan Doherty,Corporate,Marano di Napoli,Campania,Italy,South,TEC-MA-10003078,Technology,Machines,"Epson Printer, White",1096.326,7,0.4,-657.804
9740,ES-2020-4047647,8/9/2020,8/11/2020,Second Class,MC-17605,Matt Connell,Corporate,Taranto,Apulia,Italy,South,TEC-AC-10003327,Technology,Accessories,"Logitech Keyboard, Erganomic",562.08,8,0,50.4
9741,IT-2022-2840952,11/17/2022,11/21/2022,Standard Class,CB-12535,Claudia Bergmann,Corporate,Foggia,Apulia,Italy,South,OFF-ST-10001554,Office Supplies,Storage,"Tenex File Cart, Industrial",321.912,4,0.4,-112.728
9742,IT-2022-2840952,11/17/2022,11/21/2022,Standard Class,CB-12535,Claudia Bergmann,Corporate,Foggia,Apulia,Italy,South,TEC-PH-10000160,Technology,Phones,"Motorola Smart Phone, with Caller ID",1549.296,4,0.4,-438.984
9753,ES-2022-1224526,9/20/2022,9/24/2022,Standard Class,KH-16690,Kristen Hastings,Corporate,Palermo,Sicily,Italy,South,OFF-AR-10003457,Office Supplies,Art,"Sanford Sketch Pad, Water Color",145.98,3,0,68.58
9778,ES-2022-5705147,7/30/2022,8/4/2022,Standard Class,DJ-13420,Denny Joy,Corporate,Rome,Lazio,Italy,South,OFF-AR-10002037,Office Supplies,Art,"Stanley Sketch Pad, Fluorescent",137.07,3,0,21.87
9779,ES-2022-5705147,7/30/2022,8/4/2022,Standard Class,DJ-13420,Denny Joy,Corporate,Rome,Lazio,Italy,South,TEC-PH-10004823,Technology,Phones,"Nokia Smart Phone, Full Size",2671.452,7,0.4,133.392
9780,ES-2022-5705147,7/30/2022,8/4/2022,Standard Class,DJ-13420,Denny Joy,Corporate,Rome,Lazio,Italy,South,OFF-BI-10003702,Office Supplies,Binders,"Wilson Jones Binder Covers, Durable",50.76,4,0,23.28
9804,IT-2020-5130228,1/24/2020,1/30/2020,Standard Class,NB-18655,Nona Balk,Corporate,Milan,Lombardy,Italy,South,TEC-PH-10002597,Technology,Phones,"Apple Signal Booster, with Caller ID",409.95,5,0.4,-211.95
9805,ES-2020-5913584,11/30/2020,12/4/2020,Standard Class,DB-13405,Denny Blanton,Consumer,Reggio nell'Emilia,Emilia-Romagna,Italy,South,OFF-EN-10000142,Office Supplies,Envelopes,"Ames Business Envelopes, Security-Tint",29.28,2,0,9.9
9834,IT-2022-3087072,8/14/2022,8/18/2022,Standard Class,DS-13180,David Smith,Corporate,Parma,Emilia-Romagna,Italy,South,OFF-SU-10002785,Office Supplies,Supplies,"Fiskars Trimmer, Serrated",117,3,0,14.04
9843,ES-2022-1085728,12/18/2022,12/20/2022,First Class,CL-11890,Carl Ludwig,Consumer,Vigevano,Lombardy,Italy,South,OFF-LA-10001793,Office Supplies,Labels,"Avery Round Labels, Alphabetical",27.84,4,0,6.12
9844,ES-2019-3714548,9/21/2019,9/26/2019,Standard Class,ML-17395,Marina Lichtenstein,Corporate,Catania,Sicily,Italy,South,OFF-AR-10001269,Office Supplies,Art,"BIC Markers, Water Color",118.44,4,0,41.4
9846,ES-2020-1880476,11/7/2020,11/11/2020,Standard Class,JK-15205,Jamie Kunitz,Consumer,Imola,Emilia-Romagna,Italy,South,OFF-FA-10001113,Office Supplies,Fasteners,"OIC Push Pins, Assorted Sizes",37.08,3,0,7.38
9853,ES-2020-2217716,10/25/2020,10/27/2020,Second Class,JK-15325,Jason Klamczynski,Corporate,Vittoria,Sicily,Italy,South,OFF-BI-10004446,Office Supplies,Binders,"Acco Binding Machine, Economy",255.45,5,0,73.95
9874,ES-2020-3661014,11/7/2020,11/8/2020,First Class,RA-19945,Ryan Akin,Consumer,Bari,Apulia,Italy,South,OFF-AP-10001510,Office Supplies,Appliances,"Cuisinart Microwave, Silver",837.63,3,0,0
9875,ES-2020-3661014,11/7/2020,11/8/2020,First Class,RA-19945,Ryan Akin,Consumer,Bari,Apulia,Italy,South,TEC-PH-10003995,Technology,Phones,"Nokia Audio Dock, VoIP",200.196,2,0.4,-40.044
9876,ES-2020-3661014,11/7/2020,11/8/2020,First Class,RA-19945,Ryan Akin,Consumer,Bari,Apulia,Italy,South,OFF-AR-10004492,Office Supplies,Art,"BIC Canvas, Blue",375.9,7,0,30.03
9893,ES-2021-5504072,8/7/2021,8/11/2021,Second Class,EH-14125,Eugene Hildebrand,Home Office,Marano di Napoli,Campania,Italy,South,OFF-EN-10000890,Office Supplies,Envelopes,"Ames Peel and Seal, Recycled",52.47,3,0,18.36
9894,ES-2021-5504072,8/7/2021,8/11/2021,Second Class,EH-14125,Eugene Hildebrand,Home Office,Marano di Napoli,Campania,Italy,South,OFF-BI-10000844,Office Supplies,Binders,"Wilson Jones Hole Reinforcements, Economy",18.12,4,0,9
9909,ES-2019-5912381,9/23/2019,9/23/2019,Same Day,BE-11335,Bill Eplett,Home Office,Molfetta,Apulia,Italy,South,FUR-FU-10003664,Furniture,Furnishings,"Tenex Frame, Erganomic",325.8,3,0,107.46
9910,ES-2019-3394310,12/17/2019,12/20/2019,Second Class,KA-16525,Kelly Andreada,Consumer,Cagliari,Sardinia,Italy,South,TEC-CO-10002769,Technology,Copiers,"HP Fax Machine, Digital",599.16,2,0,0
9917,ES-2020-2654005,5/23/2020,5/23/2020,Same Day,MG-17875,Michael Grace,Home Office,Vicenza,Veneto,Italy,South,OFF-AR-10003521,Office Supplies,Art,"Stanley Highlighters, Easy-Erase",14.97,1,0,5.37
9918,ES-2020-2654005,5/23/2020,5/23/2020,Same Day,MG-17875,Michael Grace,Home Office,Vicenza,Veneto,Italy,South,OFF-ST-10003641,Office Supplies,Storage,"Fellowes Trays, Wire Frame",67.752,2,0.4,-16.968
9979,IT-2021-5448440,7/23/2021,7/27/2021,Second Class,PB-19105,Peter Bühler,Consumer,Rome,Lazio,Italy,South,TEC-PH-10003620,Technology,Phones,"Apple Signal Booster, Cordless",251.1,3,0.4,-62.82
9996,ES-2019-3780358,11/16/2019,11/19/2019,First Class,CC-12100,Chad Cunningham,Home Office,Rovigo,Veneto,Italy,South,OFF-BI-10000346,Office Supplies,Binders,"Ibico 3-Hole Punch, Clear",59.82,2,0,23.88
